2498 4012
131 270 165 324 14

217 374 318 440 Quare
337 391 483 441 meorum,
503 393 521 429 o
540 392 614 429 aura
632 372 743 445 suavia,
763 373 891 447 ignium,

253 465 325 521 Dies
343 483 468 537 agamus
488 465 639 533 candidos,

253 556 426 628 Nomasque
445 556 532 611 divae
552 560 745 610 conteremus
762 554 902 626 integras

251 650 335 716 Quae
358 668 446 705 mane
465 650 550 706 lueet
568 651 723 722 hesperus.

595 991 639 1041 ῙΙ-

366 1178 565 1247 HYMNUS
588 1178 640 1243 IN
663 1177 857 1245 NOCTEM
958 1248 963 1256 ,

479 1351 621 1404 (Amorum,
637 1348 693 1393 Lib.
708 1350 735 1402 1.)

246 1550 313 1605 Nox
332 1549 442 1603 amoris
463 1548 591 1615 conseia,
611 1566 688 1621 quae
707 1548 825 1605 furenti

245 1639 339 1696 Ducis
360 1646 496 1711 optatam
511 1639 618 1711 juveni
636 1639 779 1710 puellam,

244 1729 340 1784 Grata
358 1731 412 1784 Dis
431 1727 557 1798 maguis,
578 1734 610 1782 et
628 1728 727 1782 amica
744 1727 872 1783 blandae

387 1819 454 1872 Nox
473 1818 552 1873 bona
571 1820 685 1873 Lunae.

243 1908 340 1973 Quam
361 1907 467 1961 eolunl
485 1926 577 1962 unam
596 1907 780 1978 Geniusque‚
800 1907 988 1981 Hymenque

243 1999 283 2052 Et
302 2015 357 2052 suo
376 1997 509 2068 gaudens
528 1996 662 2069 Erycina
680 2001 761 2063 nato,

243 2087 319 2142 Cum
338 2085 423 2141 ferus
442 2085 523 2141 diras
542 2085 627 2140 acuit
639 2085 777 2156 sagittae,

385 2173 497 2229 'rendit
516 2181 547 2229 el
565 2193 681 2229 areum.

242 2265 266 2319 Ο
285 2263 454 2334 voluptatis
475 2280 575 2318 eomes
596 2270 627 2318 el
646 2262 786 2318 ministra

242 2353 327 2419 Quae
347 2354 425 2407 bona
445 2371 482 2407 ex
502 2359 531 2406 te
549 2353 610 2408 fert
629 2353 781 2408 thalamus
799 2358 962 2423 torusque,

242 2442 322 2509 Quas
341 2460 431 2513 sopor
448 2440 510 2496 fert
530 2441 699 2507 illecebras⁷
716 2440 862 2513 jocosque

381 2530 572 2602 Deliuasque
586 2530 592 2583 !

240 2621 321 2686 Quas
341 2621 430 2676 simul
447 2620 548 2689 juncti
566 2619 687 2674 faciunt
705 2625 841 2675 amantes

241 2711 326 2765 Inter
345 2711 503 2782 amplexus
523 2708 733 2780 trepidumque
754 2724 895 2772 murmur,

242 2801 327 2854 Inter
347 2805 377 2854 el
396 2799 484 2853 ludos
504 2806 684 2869 tenerasque
705 2799 793 2863 rixas

382 2880 462 2944 Dum
481 2886 558 2942 furit
577 2887 678 2941 ardor!

239 2981 319 3033 Dum
338 2977 454 3032 micant
473 2976 595 3047 linguis,
614 2975 793 3048 animaeque
812 2974 923 3029 florem

186 3107 189 3111 -
238 3067 295 3121 Ore
308 3066 465 3121 deducunl
486 3064 623 3134 querulo,
644 3064 768 3136 parique

239 3156 411 3211 Considunb
429 3161 525 3223 motu,
546 3155 682 3208 resoluta
700 3160 859 3225 postquam

380 3245 475 3299 Grata
493 3243 587 3298 libido
609 3249 665 3297 est.

238 3331 286 3386 'Pu
304 3332 391 3403 quies
411 3350 583 3401 rerumque,
601 3331 760 3385 hominum
779 3330 842 3384 sola

239 3420 285 3473 Tu
304 3421 423 3488 graveis
444 3439 531 3474 curas
552 3426 582 3474 et
601 3437 704 3473 amara
721 3419 819 3473 fessae

239 3513 372 3565 Amoves
391 3512 493 3580 menti,
514 3517 546 3566 et
565 3509 685 3564 refoves
705 3508 836 3579 benigno

380 3599 509 3654 Pectore
527 3616 641 3655 somne.
