2498 4012
651 535 694 586 ΙΙ.

515 687 579 753 ΑΙ)
604 685 820 754 LYOORIM

540 829 705 882 (carminum
726 827 792 879 Inb.)

337 1020 361 1072 0
380 1019 497 1074 factum
516 1018 702 1073 lacrimabile
722 1026 813 1090 atquc
834 1018 1000 1074 acerbum!

338 1108 425 1161 Nunc
444 1114 527 1162 certe
546 1107 758 1174 lacrimaberiS,
778 1107 907 1179 Lycori:

338 1197 435 1263 Digna
453 1215 501 1251 res
520 1196 653 1250 lacrimis
672 1203 787 1267 tuoque
806 1194 905 1251 luctu.

339 1287 474 1357 Namque
494 1285 610 1339 lumina
632 1292 744 1353 nostra,
763 1284 879 1339 lumina
897 1284 963 1353 illa,

338 1374 396 1428 Illa
415 1374 539 1441 lumina,
558 1393 643 1443 quae,
664 1374 783 1446 Lycori‚
801 1375 933 1442 amabaS,

339 1464 423 1528 Quae
441 1463 503 1518 tuis
523 1463 615 1518 solita
634 1462 785 1519 anteferre
804 1461 919 1531 ocelliS,

339 1553 406 1605 Non
425 1559 506 1619 sunt,
527 1570 543 1607 o
563 1571 630 1606 mea
648 1552 711 1620 lux,
730 1551 857 1606 amanda
874 1556 912 1605 ut
931 1558 1026 1623 ante;

338 1642 405 1695 Non
424 1650 496 1696 sunt
514 1642 638 1711 lumina,
658 1643 711 1697 sed
730 1641 826 1696 malae
845 1641 1005 1697 tenebrae.

338 1734 403 1801 Illa,
420 1741 455 1788 ut
474 1733 568 1804 impia
586 1732 650 1789 fata
669 1740 708 1803 te,
728 1730 847 1805 Lycori,

338 1824 500 1878 Abstulere
521 1823 603 1891 mihi,
623 1831 736 1895 tuoque
756 1824 845 1893 longe

337 1913 386 1966 Me
406 1930 424 1965 a
441 1912 532 1967 vultu
551 1913 676 1968 voluere
698 1914 803 1967 abesse
823 1928 901 1977 caro,

338 2002 375 2054 In
393 2000 476 2055 rivos
495 2001 597 2056 abiere
616 2002 822 2057 lacrimarum:

341 2095 481 2162 Quotque
503 2090 641 2159 amarius,
662 2097 754 2162 atque
774 2097 894 2161 praeter
914 2109 1043 2148 omnem

340 2179 539 2234 Lacrimabile
560 2178 785 2250 cogitationem,

342 2264 628 2335 Quantumcumque
646 2265 777 2320 habuere
798 2263 1007 2335 lacrimarum,

341 2354 361 2408 J
364 2354 529 2423 ampridem
549 2372 725 2411 emovuere:
745 2374 826 2411 nunc
844 2357 882 2410 ad
901 2355 1008 2427 ipsum

341 2444 475 2497 Ventum
496 2449 541 2497 est
561 2445 748 2514 sanguinem,
769 2447 806 2500 ab
825 2444 1000 2516 intimaque
1023 2448 1127 2504 cordis

341 2531 441 2585 Ducto
459 2531 584 2586 flumine
604 2533 724 2604 turgidi,
744 2533 917 2604 horridique

340 2620 523 2691 Sanguinem
542 2621 703 2677 lacrimant
722 2623 833 2678 miselli
852 2623 951 2692 ocelli,

341 2713 381 2764 Et
401 2729 469 2764 cum
488 2710 634 2781 sanguine
654 2719 755 2767 amata
772 2710 882 2768 diffluit
900 2713 971 2785 lux,

339 2801 384 2854 Ac
404 2799 447 2854 sic
468 2817 615 2854 enecuere
635 2819 726 2872 seque
746 2819 864 2873 meque,

340 2891 420 2944 Dum
439 2906 539 2943 meum
559 2889 661 2944 miseri
681 2891 804 2962 igneum
822 2890 960 2948 furorem

340 2980 496 3044 Quaerunt
514 2978 631 3033 diluere
652 2985 683 3034 et
701 2979 798 3051 rigare
817 2988 961 3051 mentem,

340 3070 411 3123 Heu
430 3074 573 3136 mentem,
592 3069 746 3138 Enceladi,
767 3069 965 3143 Typhoeique

341 3160 492 3214 Aestuosa
510 3158 610 3213 anima
629 3160 853 3217 aestuosiorem.
