2498 4012
1065 272 1102 327 49

151 374 202 430 Sia
221 375 317 448 magis
336 375 474 433 inclusus
496 375 573 432 furit
591 375 673 431 intra
691 376 849 432 obstaoula
866 381 998 447 torrens3

184 465 260 531 Quae
279 464 306 521 si
324 466 487 533 dimensae,
507 465 607 521 lenior
625 465 693 519 inde
713 464 797 520 fluet.

147 555 230 623 Quin
251 556 344 612 etiam
361 555 468 612 invisae
486 555 620 628 rupisses
640 555 762 610 vinoula
780 554 859 622 vitae,

182 645 325 718 Gonjugis
343 651 379 701 ut
397 663 502 702 manes
520 662 737 717 prosequerere
756 643 836 715 pios3

145 734 201 789 Sed
220 734 382 805 prohibent
400 734 512 789 fratres
532 738 564 788 et
582 731 686 788 blandi
704 750 777 787 eura
795 730 939 801 parentis,

181 824 240 879 Sed
257 823 418 894 prohibent
436 822 513 880 sooii
530 828 655 894 peotora
675 822 734 878 fida
746 823 801 878 tui.

146 912 217 967 Jam
235 912 321 984 virgo
341 911 468 989 effertur
487 913 572 984 nigro
594 918 751 983 composta
769 911 892 978 feretro,

180 1002 326 1056 Desertae
337 1001 447 1057 humili
464 1001 571 1057 fronde
590 1001 731 1057 revincta
750 1018 859 1056 eomas.

145 1089 216 1144 Heu
234 1089 287 1144 ubi
299 1108 380 1145 nuno
400 1090 607 1157 blanditiem,
628 1089 681 1145 ubi
699 1090 801 1145 duloia
820 1090 920 1156 verba,

182 1179 257 1244 Quae
275 1185 417 1250 poterant
435 1180 510 1235 ferri
529 1180 670 1251 frangere
690 1179 855 1234 duritiem?

145 1265 274 1321 Lumina
292 1267 428 1323 sidereas
447 1268 500 1323 ubi
514 1286 596 1323 nuno
618 1266 795 1338 torquentia
813 1267 957 1334 flammae,

180 1358 251 1412 Heu
269 1357 322 1412 ubi
340 1356 479 1430 punioeis
496 1358 616 1413 aemula
635 1356 719 1412 labra
737 1357 833 1413 rosis?

146 1445 227 1499 Proh
245 1446 360 1517 Superi,
380 1446 453 1518 quid
471 1464 533 1501 non
550 1445 667 1501 homini
685 1444 786 1501 brevis
807 1444 897 1515 eripit
910 1445 1003 1500 hora?

180 1534 229 1590 Ah
246 1535 355 1603 miseri,
377 1553 502 1593 somnus
520 1542 553 1592 et
566 1535 643 1592 levis
661 1536 768 1590 umbra
786 1534 909 1590 sumus!

144 1627 212 1682 Non
230 1635 333 1683 tamen
353 1634 407 1683 aut
420 1628 526 1685 niveos
544 1627 643 1699 pallor
662 1632 835 1682 mutaverat
854 1631 946 1692 artus,

180 1718 245 1772 Aut
263 1717 364 1789 gelido
382 1717 494 1773 macies
513 1717 634 1773 sederat
654 1733 707 1772 ore
725 1715 843 1787 gravis:

145 1804 203 1861 Sed
221 1805 355 1863 formosa
373 1808 472 1863 levem
492 1825 572 1863 mors
591 1812 638 1863 est
657 1805 777 1861 imitata
795 1822 941 1876 soporem,

178 1895 209 1950 Is
228 1894 342 1951 nitidos
354 1896 460 1952 vultus
482 1913 596 1966 oraque
614 1894 743 1966 languor
760 1893 868 1949 habet!

144 1982 288 2054 Virginea
306 1985 350 2040 sio
369 1984 451 2040 leota
470 2002 562 2039 manu
582 1983 744 2040 candentia
762 1983 912 2055 languent

178 2071 318 2146 Liliaque
338 2080 370 2128 et
388 2072 487 2130 niveis
506 2079 592 2129 texta
611 2090 722 2128 oorona
741 2072 826 2129 rosis.

141 2161 210 2229 Hie,
232 2180 287 2218 oeu
305 2164 392 2219 nulla
407 2164 493 2236 prius
512 2164 630 2220 fuerint
649 2164 794 2227 lamenta,
815 2169 945 2218 novatur

177 2251 303 2319 LuotnS,
324 2258 355 2308 et
373 2252 505 2326 indignis
518 2253 664 2309 imbribus
683 2242 736 2308 ora
754 2253 885 2308 madent.

141 2341 303 2396 Praecedit
317 2341 380 2413 jam
398 2360 508 2414 pompa
526 2342 676 2415 frequens,
692 2342 755 2414 jam
774 2348 889 2398 moesta
902 2342 1041 2398 sacerdos

178 2430 279 2485 Verba
298 2431 391 2500 canit,
410 2431 504 2487 saeris
523 2431 658 2487 turribus
677 2449 748 2488 aera
765 2436 885 2487 sonant.

140 2519 281 2573 Funerea
300 2518 383 2576 aives
400 2520 512 2591 pullati
530 2526 615 2576 veste
635 2525 813 2591 sequuntur,

175 2609 216 2663 Et
234 2615 381 2680 spargunt
399 2616 520 2665 moestas
540 2627 591 2664 ore
610 2608 749 2663 madente
768 2626 877 2680 genas;

138 2697 303 2770 Densaque
320 2699 405 2768 plebs
424 2698 510 2755 vidui
527 2698 687 2769 deplorant
705 2697 770 2753 fata
789 2697 900 2766 mariti,

175 2790 278 2857 Atque
296 2787 385 2842 illum
404 2787 499 2860 digito
518 2787 744 2860 luminibusque
764 2793 882 2843 notant.

137 2875 163 2931 Ο
184 2881 333 2946 quantum
351 2878 465 2949 impexi
484 2877 582 2934 orines
597 2876 739 2948 oculique
757 2895 911 2949 genaeque
1017 2937 1018 2940 Ἴ

173 2964 282 3020 Noctis
299 2966 427 3022 habent!
446 2973 580 3040 quantus
600 2966 721 3022 nubilat
741 2964 914 3020 ora'dolor!

136 3053 221 3122 Quid
239 3073 321 3111 nune
342 3057 486 3130 exequias
505 3057 640 3112 celebres
660 3055 866 3126 opulentaque
885 3053 982 3109 dioam

175 3145 324 3200 Munera?
343 3145 415 3218 quid
433 3146 520 3202 donis
540 3145 654 3217 templa
672 3145 786 3200 referta
804 3143 882 3216 piis?

135 3234 246 3290 Omnis
265 3232 376 3291 beratis
394 3235 492 3291 radiat
511 3235 666 3291 funalibus
685 3253 744 3300 ara,

172 3322 278 3379 Omnis
298 3324 432 3381 odoratis
450 3324 574 3396 ignibus
593 3341 644 3378 ara
664 3322 754 3378 calet:

132 3414 362 3484 Aeternumque
383 3420 497 3469 oanunt
514 3411 649 3485 requiem
668 3412 829 3483 lucemque
848 3411 975 3468 verendi

171 3500 352 3571 Saoricolae
367 3508 399 3557 et
417 3501 549 3576 lymphis
569 3519 678 3572 eorpus
696 3499 785 3555 inane
806 3500 917 3572 rigant.

151 3773 165 3814 t
181 3790 208 3800 -
221 3766 309 3812 (iosus.
323 3765 380 3812 Ant.
397 3767 460 3812 dalla
473 3768 549 3814 lirina
564 3768 657 3817 latina.
