2498 4012
1054 269 1086 326 51

132 372 295 430 Pulchrior
313 343 379 428 essb
397 370 515 441 nequis,
534 371 585 426 vel
605 371 632 428 si
650 377 749 443 potes;
768 372 895 444 aequius
914 380 962 430 est
979 380 1011 430 te

168 465 246 536 Jum,
265 462 386 533 Lalage,
405 460 518 515 nostris
536 477 659 531 parcere
679 460 852 518 luminibus.
972 452 973 455 ¹

133 552 193 610 Vix
212 557 252 619 te,
274 550 327 607 vix
345 551 440 605 talem
458 547 601 619 ferimus3
620 549 701 621 quod
720 551 746 605 si
764 550 887 607 auxeris
907 552 991 607 illam

170 639 255 696 Fiam
276 658 340 713 ego,
359 638 413 712 qui
430 656 512 696 nunc
530 656 598 695 sum
616 638 661 693 nil
678 637 739 695 nisi
757 638 885 714 flamma,
906 641 990 698 cinis.

569 994 639 1047 VII.

239 1146 306 1214 AD
330 1145 669 1213 INNOCENTIUM·
686 1147 820 1216 PONT.
845 1149 962 1218 MAX.

500 1289 626 1344 (orarum
640 1290 707 1343 nu.)

242 1483 273 1539 Si
292 1482 372 1556 quod
389 1483 508 1540 arcanis
526 1484 656 1541 Helicon
668 1486 731 1558 xsub
750 1485 865 1541 umbris

278 1573 407 1630 Carmen
426 1573 576 1629 intactum
594 1574 703 1631 fidibus
721 1574 854 1646 priorum

276 1661 422 1730 Parturit‚
441 1662 522 1720 saxis
539 1661 652 1719 iterum
671 1662 854 1719 audiendum

666 1752 901 1825 Arboribusqua

242 1856 340 1924 Quale
358 1873 416 1912 nec
435 1855 548 1927 triplex
567 1855 700 1911 achelois
718 1874 792 1912 ausa
811 1863 858 1912 est

275 1945 422 2002 Cautibus
440 1945 526 2017 virgo
546 1945 679 2002 residens
698 1946 823 2002 marinis
901 1984 907 1994 ·

274 2037 338 2091 Nec
356 2052 432 2106 puer
450 2033 563 2089 Phoebi
582 2034 729 2091 Ciconum
747 2041 865 2091 remoto

666 2122 776 2179 Dicere
795 2124 828 2178 in
846 2129 949 2193 antr03

242 2226 323 2281 Illud
341 2225 463 2282 attritas
481 2225 613 2297 repetita
632 2226 759 2281 chordas
795 2254 800 2264 ·

277 2315 417 2371 Barbitos
436 2314 526 2370 docto
551 2315 726 2370 moduletur
744 2333 823 2382 arcu,

276 2405 383 2463 Dulcis
401 2403 553 2476 interpres
571 2404 673 2468 animi,
691 2405 817 2478 piaeque

665 2494 793 2550 Conscia
811 2495 930 2563 mentis,

241 2597 378 2669 Namque
397 2601 429 2650 te
448 2612 551 2650 rerum
570 2600 670 2666 caput,
690 2594 857 2664 Innocenti,

277 2686 378 2757 Turpe
396 2684 522 2756 vulgato
543 2683 689 2738 cecinisse
708 2684 824 2755 plectro
844 2689 896 2750 est,

276 2775 369 2846 Cujus
387 2778 495 2828 aurata
514 2772 650 2845 triplices
669 2771 825 2844 refulgent

665 2861 777 2915 Fronte
799 2876 942 2928 coronae3

241 2966 338 3021 Roma
356 2965 406 3020 oui
425 2971 517 3037 patet,
537 2963 738 3036 dominusque
758 2963 864 3029 Tibris,

277 3052 338 3121 Qui
356 3053 456 3109 vicem
474 3054 586 3110 summi
604 3053 684 3124 geris
702 3051 752 3107 hic
772 3050 914 3122 tonantis,

276 3142 337 3209 Qui
354 3150 443 3214 potes
461 3161 604 3214 magnum
623 3158 759 3197 reserare
778 3146 811 3195 et
828 3140 910 3194 idem

664 3230 813 3288 Claudcre
833 3229 968 3297 coelum;

242 3334 360 3391 Blanda
378 3337 428 3391 cui
447 3337 537 3391 vultu
556 3334 690 3405 gravitas
709 3350 815 3389 sereno

275 3424 377 3491 Ridet,
396 3424 511 3481 invisos
529 3424 682 3496 abigitque
701 3423 808 3494 fastus,

277 3513 361 3568 Mitis
380 3520 411 3569 et
429 3512 504 3568 celsi
522 3511 621 3568 radios
639 3517 776 3585 potestas

670 3602 834 3674 Temperat
851 3600 920 3659 cris.
