2498 4012
243 393 331 460 Erg0,
352 412 369 447 0
388 393 480 448 beata
498 390 600 447 vivida

242 482 389 538 Caelestis
409 480 486 551 ignis
505 481 668 547 flammula,

240 571 336 642 Magis
355 570 450 642 magis
469 587 515 624 me
536 577 571 625 eu
590 571 621 624 in
640 570 705 626 dies

240 661 359 716 Fovere
378 678 468 731 perge
488 658 625 730 singulos

241 749 346 820 Perge,
367 768 384 803 0
405 750 501 815 beata,
520 766 610 820 perge
631 749 704 803 dum

241 838 316 894 Mihi
335 857 432 912 usque
451 856 540 910 perge
560 838 718 892 amburere

241 927 317 982 Mihi
335 946 432 999 usque
451 945 541 998 perge
560 928 717 981 absumere

241 1017 307 1083 Cor,
327 1034 403 1089 ossa,
422 1034 540 1083 neme,
560 1015 686 1081 viscera,

241 1108 342 1163 Venas
361 1107 520 1176 medullas,
540 1107 727 1177 sanguinem,

243 1197 403 1268 Ipsamque
424 1202 559 1251 mentem
577 1213 613 1250 ae
633 1194 784 1266 spiritum,

240 1287 285 1343 Ut
304 1292 389 1341 totus
408 1286 531 1342 ardeam
549 1286 620 1354 tibi3

240 1377 285 1431 Ut
303 1382 370 1430 atra
388 1394 482 1447 quum
500 1391 582 1430 mors
600 1374 726 1445 frigidas

239 1462 355 1519 Afferre
375 1465 449 1519 mihi
467 1465 553 1521 volet
572 1481 687 1531 manus,

238 1552 287 1607 Sic
307 1552 428 1607 flamma
447 1559 532 1608 totus
550 1552 700 1607 flammeis

239 1641 306 1696 Alis
325 1641 445 1697 Amoris
463 1641 559 1696 lucidi

238 1730 319 1785 Hine
340 1730 509 1801 expeditus,
530 1729 666 1785 aetheris

238 1820 326 1875 Albas
345 1820 383 1874 ad
401 1837 469 1875 oras
487 1819 664 1888 subvolem3

239 1908 375 1979 Cognata
393 1909 446 1963 ubi
465 1909 548 1963 inter
565 1908 667 1963 sidera

240 1999 308 2052 Non
323 1997 387 2067 jam
406 1997 538 2068 amplius
558 2015 673 2052 memor
692 1997 760 2063 mei,

239 2088 343 2144 Unum
363 2094 394 2142 te
413 2104 520 2152 amem,
540 2106 576 2142 ae
596 2093 652 2141 tua
670 2087 781 2142 omnia.

238 2178 335 2230 Immo
355 2175 475 2231 ardeam
494 2176 672 2247 perenniter

238 2268 352 2324 Factus
371 2267 418 2323 tui
437 2276 485 2324 ter
503 2267 629 2323 maximi

238 2356 380 2413 Scintilla
397 2375 492 2428 parve
510 2355 654 2414 incendii.

511 2704 556 2758 ΙΙ.

233 2858 419 2925 FRETUS
442 2857 525 2923 DEI
552 2858 831 2925 CLEMENTIA

334 2971 477 3012 SOLA'PUR
499 2972 627 3014 Amnum
650 2973 734 3014 SUUM

205 3042 304 3082 DIVINI
331 3043 449 3083 Junlcn
469 3043 593 3083 PAVORE
612 3043 863 3083 CONSTERNATUM

407 3152 570 3205 (carminum
587 3154 654 3207 Lib.)

133 3310 157 3365 Ο
175 3310 228 3382 qui
246 3313 354 3368 beatus
374 3311 505 3367 aetheris
523 3312 611 3368 sedes
631 3311 706 3368 colis

165 3400 284 3455 Auctor
301 3401 410 3456 salutis
429 3401 572 3473 emnium,

131 3489 211 3559 Ergo
229 3506 268 3544 ne
288 3506 408 3561 semper
425 3489 577 3549 fluctuare
597 3511 643 3548 me
664 3494 696 3549 in
714 3493 779 3550 salo
798 3495 855 3551 hoe

166 3577 279 3636 Mentis
299 3578 417 3641 videbis
436 3584 568 3654 anxium,
