2498 4012
136 258 172 314 ‘16

150 365 259 437 Meque
279 366 366 421 aulae
387 366 467 435 cogit
487 365 640 421 dominam
658 374 775 421 tentare
793 376 953 436 potentem

189 456 324 509 Fortuna
342 455 488 528 obsequio
506 456 694 529 sortitioque
711 455 804 528 gravi

153 543 233 597 Mox.
253 543 305 597 ubi
324 554 499 613 pertaesum
518 556 565 600 est
584 546 663 601 male
682 544 763 617 grati
778 545 941 617 Principis.
960 546 1047 600 illam

188 632 254 685 Non
274 632 347 687 tulit
366 633 414 687 hic
434 635 549 690 resides
568 636 688 707 longius
706 636 751 690 ire
770 653 877 691 moras

152 722 269 776 Laudat
289 731 321 776 et
339 723 454 778 auratis
474 734 509 779 ut
526 743 595 780 eam
612 723 787 796 spectabilis
804 723 896 779 armis

187 813 224 866 Bt
245 830 378 867 meream
396 812 470 868 t'orti
489 814 723 885 conspiciendus
740 831 825 884 equo.

152 903 190 955 Et
210 902 284 957 mihi
303 914 373 958 sunt
394 912 483 975 aptae
503 904 592 963 vires,
614 904 791 977 patiensque
811 904 953 959 laborum

188 992 305 1063 Corpus
324 1004 355 1049 et
373 994 427 1049 has
446 1006 571 1065 possunt
591 994 655 1050 tela
673 995 778 1050 decere
797 1011 915 1049 manus.

155 1082 215 1135 Nec
235 1101 319 1137 rnora
337 1084 467 1138 bellator
488 1084 610 1154 sonipes
627 1091 661 1139 et
680 1091 790 1139 cuncta
807 1090 956 1155 parantur

187 1172 395 1228 Instrumenta
414 1172 478 1227 acri
497 1173 654 1228 commoda
673 1172 810 1228 militiae.

151 1260 340 1333 iuratusque
359 1262 409 1333 pio
428 1262 541 1317 celebri
559 1262 616 1317 sub
637 1262 772 1334 principe
791 1260 880 1316 miles

188 1351 324 1420 Expecto
343 1353 518 1408 horrisonae
538 1353 649 1407 martia
666 1353 754 1425 signa
771 1352 872 1407 tubae.

152 1442 222 1495 Jarn
242 1461 340 1514 neque
361 1452 460 1498 castra
480 1444 611 1515 placent,
631 1460 737 1498 rursus
755 1461 816 1521 nec·
828 1442 961 1497 classica
979 1443 1075 1508 nobis,

189 1532 233 1585 ltu
254 1533 357 1601 procul
378 1532 470 1601 getici
489 1531 551 1586 tela
566 1537 694 1587 cruenta
712 1532 777 1587 Dei

152 1620 334 1676 llnrnnnonc
354 1634 472 1675 truccru
491 1620 619 1676 foedabo
639 1620 785 1691 sanguine
804 1620 955 1693 dextram,

189 1708 227 1763 l't
249 1724 335 1761 meus
355 1707 474 1762 assiduo
494 1707 550 1761 sub
569 1707 644 1764 bove
666 1717 782 1766 crescat
801 1709 892 1780 ager?

154 1798 190 1851 Et
214 1797 301 1851 breve
323 1799 429 1852 rnortis
448 1797 506 1852 iter
524 1805 659 1853 sternam
677 1799 760 1862 mihi,
779 1806 810 1853 et
826 1798 969 1855 horridus
992 1802 1125 1856 umbram

188 1889 317 1942 llorrent
339 1888 486 1942 immitem
505 1887 635 1958 portitor
652 1888 716 1959 ipse
736 1886 854 1942 meam?

153 1981 252 2049 utque
273 1977 383 2048 aliquis
401 1977 519 2049 placida
537 1973 687 2049 aspiciens
706 1992 724 2028 a
743 1972 813 2027 sede
834 1971 957 2043 piorum

189 2070 234 2122 lla
256 2067 362 2137 procul
382 2066 584 2121 Eumenidum
603 2065 731 2122 verbera
748 2080 841 2120 saeva
858 2063 933 2135 pati,

152 2160 196 2213 Eu
216 2156 268 2226 qni
288 2158 443 2210 Musarum
463 2155 554 2224 liquit
572 2164 659 2225 grata
679 2154 752 2215 ocia,
772 2153 862 2217 dicat,

186 2247 301 2303 ‚laxias
321 2254 357 2300 ut
377 2252 497 2316 raperet
518 2261 643 2300 munere
663 2241 771 2298 Martis
790 2260 870 2313 opes,

151 2336 288 2392 lintribus
308 2343 339 2389 et
357 2334 447 2390 sociis
466 2342 570 2390 narret
590 2351 637 2388 me
659 2333 750 2404 digna
768 2331 885 2387 subisse

185 2423 345 2494 Supplicia,
366 2424 445 2478 haud
467 2425 531 2478 ullu
548 2421 744 2479 diminuenda
756 2420 819 2477 'dia

150 2517 247 2569 Antra
267 2512 339 2565 mihi
358 2514 499 2582 placeant
518 2514 621 2584 potius
641 2517 820 2583 montesque
838 2510 954 2582 supini,

189 2600 354 2672 l'ivitlaque
375 2601 496 2667 irriguis
515 2602 654 2673 gramina
675 2620 793 2674 semper
811 2601 908 2674 aquis,

153 2694 190 2745 lit.
209 2699 326 2762 snt-pros
347 2690 426 2745 inter
446 2693 580 2748 calabres
599 2693 796 2765 Dryadasque
815 2692 938 2762 puellas

189 2784 307 2835 l'lnctra
326 2781 399 2834 mihi
418 2781 536 2849 digitos,
557 2783 660 2838 fistula
677 2783 763 2838 labra
781 2787 870 2837 terat.

156 2872 228 2927 luna
251 2890 326 2938 vagu
345 2889 430 2924 mens
449 2870 532 2925 aliud
551 2878 663 2944 poscat,
683 2873 789 2943 procul
809 2880 884 2944 este,
905 2873 1053 2937 Catones

188 2966 256 3016 lietu
277 2961 385 3033 «nribus
404 2961 493 3031 parili
513 2962 577 3016 vita
597 2969 703 3017 tenore
723 2962 799 3018 fluit.

149 3060 231 3119 tlnnn
253 3054 336 3107 lnlnn·
356 3060 447 3119 erigat
467 3052 525 3106 iter
544 3052 704 3124 cupientes
721 3052 821 3107 limite
841 3061 927 3107 certo

190 3146 234 3197 lrn
255 3145 309 3197 suli
332 3141 465 3196 instabili
485 3148 596 3196 cuncta
615 3151 747 3199 novante
767 3143 847 3215 polo.

153 3234 198 3287 lin
221 3254 285 3287 itinn
306 3232 446 3286 nobilitas
465 3231 549 3285 senio
569 3232 700 3287 deducat
719 3232 818 3299 inerti,

188 3331 261 3382 luun
283 3296 383 3377 eludia
403 3323 481 3377 haud
501 3323 608 3385 desint,
629 3340 706 3394 quae
726 3321 844 3378 variata
858 3321 984 3392 juvent.

153 3418 196 3469 lin
220 3419 359 3468 nunnunrn
381 3413 460 3481 ‹prrnl
480 3412 510 3464 in
532 3413 586 3465 lroc
606 3430 667 3465 non
686 3430 753 3466 sum
772 3411 928 3466 mutabilis
951 3433 1015 3469 uno

185 3506 311 3573 tlruunln
332 3522 377 3556 triu
398 3502 517 3555 rissitluu
537 3502 679 3571 compede
700 3499 797 3556 vincit
815 3517 909 3555 amor.
