2498 4012
131 222 169 277 68

147 327 207 381 Pro
230 325 346 379 scelera
365 324 489 379 immuni
507 324 649 380 moriens.
666 341 721 396 pro
737 322 852 380 tahbus
868 325 963 395 ausis,

143 416 192 472 Ah
210 415 332 470 reniam
349 415 481 485 Superos
498 413 600 467 anima
618 413 755 485 fugiente
775 414 911 485 rogabat,

143 506 286 562 Plneabat
305 506 435 574 Superos
452 503 561 558 hosti¹
548 521 613 573 Jam
629 502 741 575 t'rigidn
755 503 870 575 lingun

142 597 232 653 Salve
252 595 297 649 bis
314 594 396 649 senis
415 595 515 648 lectus
532 596 638 664 parire
659 592 812 664 magistris

143 689 208 743 hta
200 696 242 742 te
261 685 363 739 animo
381 702 458 755 puer
476 683 607 754 egregio.
626 690 659 738 et
676 681 904 754 praestantibus
925 685 1018 751 ausis,

143 778 244 832 Macte
263 793 317 830 ue
309 793 348 829 e
366 784 398 829 et
417 773 497 828 reris
516 790 660 843 mgnum
676 772 770 827 decus
786 771 890 827 addite
908 773 998 830 divis.

144 869 191 924 'l'u
209 868 348 938 princeps
367 864 573 936 ignominiam.
591 865 755 936 plagasque
773 871 919 921 eruentes

144 960 184 1013 Et
201 957 326 1027 longum
344 953 537 1010 memoranda
554 953 719 1023 nepotibus
734 971 842 1025 aspera
857 953 925 1010 fata

143 1045 343 1115 Magnanimis
360 1054 428 1117 post
446 1043 556 1098 herois.
574 1060 666 1114 quem
685 1042 812 1098 candida
826 1051 920 1115 partu

142 1138 328 1194 Coelicolum
346 1154 410 1207 regi
427 1141 512 1189 tecto
529 1134 586 1189 sub
604 1150 736 1204 paupere
756 1134 892 1205 nympha

142 1229 209 1281 Non
227 1227 324 1282 ullam
342 1241 494 1287 venerem,
513 1223 614 1278 nullos
632 1229 764 1294 experta
779 1223 966 1295 hymenaeos

146 1315 286 1371 Ediderat
305 1314 385 1386 patri
402 1312 497 1369 flavas
514 1313 658 1369 Jordanis
675 1313 714 1368 sd
731 1313 842 1383 nud2s3

143 1405 242 1460 Testis
260 1405 332 1460 edes
348 1404 433 1473 faeti7
453 1421 540 1458 sacro
558 1410 594 1458 tu
612 1403 728 1474 primus
745 1402 865 1458 abillis

142 1495 293 1566 Sanguine
313 1493 488 1566 palmiferae
506 1502 620 1548 terram
638 1491 812 1564 conspergis
830 1492 970 1549 Idumes:

143 1584 183 1636 Et
200 1582 344 1652 pulchrae
363 1582 505 1637 insolitos
522 1583 688 1653 decerpens
706 1581 805 1637 laudis
821 1581 955 1640 honoros

143 1673 299 1743 Purpurea
316 1672 430 1739 gaudes
447 1671 580 1727 frontem
599 1671 730 1727 cinxisse
749 1689 889 1727 coronae.

143 1763 232 1818 Unde
252 1762 308 1816 tibi
325 1763 404 1833 grati
422 1780 534 1817 nomen
551 1762 656 1818 dixere
675 1761 816 1817 minores.

142 1852 185 1906 Te
205 1852 346 1907 colimus:
366 1860 450 1908 certo
468 1854 525 1908 tibi
544 1864 679 1925 tempore
699 1870 787 1909 saera
803 1853 971 1925 quotannis

143 1939 212 1995 Rite
230 1942 344 1996 damus
364 1952 396 1996 et
413 1943 503 1996 thura
521 1943 584 1998 tuis
603 1942 784 2013 imponimus
802 1941 874 1997 aris.

142 2031 238 2098 Quod,
256 2030 283 2085 si
300 2032 365 2085 nlla
384 2031 523 2103 votisque
541 2033 697 2087 hominum
716 2032 916 2103 precibusque
935 2039 1090 2090 moventur

141 2120 280 2179 Numina
301 2139 357 2175 neo
377 2122 497 2176 eunctis
515 2122 589 2176 adeo
608 2128 670 2176 stat
689 2122 814 2192 perdere
835 2121 916 2178 divis

141 2209 315 2264 Ausoniam.
335 2211 522 2282 populosque
541 2211 645 2273 Italos,
665 2227 836 2282 nomenque
855 2211 996 2280 latinum,

141 2301 242 2367 Atque
262 2299 350 2353 malis
368 2317 461 2371 prope
477 2300 540 2370 jam
559 2300 716 2356 condect-ae
733 2300 854 2355 moenia
870 2301 998 2368 Romae,

141 2391 258 2451 Sancte,
279 2389 359 2453 veni,
379 2396 543 2461 coetusque
564 2398 643 2454 tuos,
662 2399 776 2462 tuaque
795 2406 887 2446 aurea
904 2391 1024 2462 temple

139 2480 228 2536 Laeti
246 2498 324 2552 quae
342 2480 423 2534 feste
441 2480 579 2535 velamus
596 2479 706 2535 fronde
724 2497 779 2551 per
797 2481 899 2548 urbes,

108 2622 112 2629 ,
140 2573 255 2625 Dexter
273 2568 336 2638 adi,
355 2565 552 2640 placidusque
572 2568 679 2625 animis
698 2569 824 2625 illabere
842 2565 971 2626 nostris:

139 2661 184 2715 Ao
203 2658 333 2729 primum
351 2659 470 2714 miseris
488 2658 639 2715 bellorum
658 2666 690 2715 et
710 2658 810 2715 oaedis
829 2677 964 2716 amorem

140 2754 193 2821 Da,
211 2757 306 2821 peter,
325 2768 439 2806 exuere
458 2757 490 2806 et
508 2757 681 2806 tercentum
700 2751 822 2806 mittere
842 2751 875 2805 in
894 2770 990 2808 snnos

139 2841 311 2912 Tigrimque
331 2841 515 2913 Tanaimque
535 2842 625 2907 ultra,
645 2847 677 2896 et
694 2847 763 2912 post
779 2840 859 2898 ferre
877 2842 1012 2914 quietem

137 2930 291 2985 Sollicitos
310 2930 415 3002 populi
435 2929 534 2985 fasces
552 2930 730 3002 adiectaque
748 2929 849 3002 regnis

138 3021 244 3090 Regna
261 3039 351 3092 snper
370 3019 530 3092 validoque
548 3021 697 3076 nudantia
714 3021 811 3076 milite
831 3026 940 3091 castre,

138 3111 179 3163 Et
196 3128 302 3180 paoem
320 3111 469 3177 venerari,
489 3117 520 3166 et
538 3110 625 3165 mitia
642 3117 762 3167 vertere
781 3109 874 3166 duris.

138 3200 216 3254 Dein
233 3209 334 3272 pestes
353 3202 504 3257 scelernm
522 3207 678 3256 tentorum
696 3206 787 3273 atque
806 3198 924 3271 agmine
943 3201 1034 3271 longo

140 3290 237 3343 Multa
256 3291 318 3345 odii
338 3297 480 3346 eonoreta
499 3291 595 3346 modis
614 3291 694 3345 mala
711 3290 827 3346 semine
845 3288 925 3354 diris,

139 3376 333 3449 Infeetesqne
351 3380 403 3434 din
422 3383 512 3447 lebes,
533 3388 564 3436 et
584 3380 711 3435 erimine
728 3399 823 3452 purge

139 3467 208 3520 Heu
226 3470 317 3525 solito
337 3469 482 3542 graviora,
502 3471 622 3541 irasque
643 3476 746 3525 everte
766 3470 900 3524 deorum.
