2498 4012
268 395 330 452 Vos
348 394 455 451 horror
473 395 580 469 malus,
599 402 630 452 et
648 395 746 453 malae
766 396 918 464 tenebrae,

266 490 328 544 Vos
341 488 439 545 furvis
458 488 545 559 nigra
563 506 624 543 nox
643 489 804 544 obumbrat
823 488 899 543 alis?

265 579 307 631 Et
326 576 377 649 qui
395 577 545 632 sideribus
564 596 652 648 pares
671 578 773 644 eratis,

264 667 354 721 Nunc
375 665 504 736 caligine
524 667 688 722 hebescitis
707 666 859 739 profunda

267 756 291 810 Ο
310 754 400 810 nimis
419 755 507 822 male,
526 757 728 829 nequiterque
749 756 879 812 factum!

571 1069 624 1122 Ν.

455 1219 520 1287 ΑΙ)
545 1221 743 1287 EOSDEM·

473 1359 635 1414 (carminum
650 1360 717 1412 Lib.)

233 1523 305 1589 Nae,
325 1521 351 1576 si
369 1540 422 1579 vos
440 1523 532 1579 nitidi
551 1530 583 1578 et
601 1512 726 1578 venusti
744 1523 844 1591 ocelli,

234 1612 270 1665 In
290 1628 433 1682 magnum
452 1610 561 1682 Superi
579 1609 682 1666 ferent
700 1611 871 1683 Olympum,

234 1700 320 1755 Inter
339 1699 491 1754 aetherias
509 1699 593 1753 faces
612 1699 764 1765 locandos,

234 1788 290 1859 (Ut
308 1787 483 1859 percrebuit
502 1796 532 1842 et
550 1788 689 1842 dolemus
710 1790 824 1842 omnesl

232 1876 294 1929 Nae
315 1873 382 1927 duri
401 1873 516 1943 Superi,
536 1874 648 1928 miselli
667 1874 810 1943 homulli3

233 1964 287 2017 Sel
310 1961 429 2033 quando
449 1962 565 2031 Superi,
585 1980 641 2017 nec
661 1962 693 2016 in
711 1963 817 2017 beatos

234 2055 291 2108 Jus
312 2049 418 2122 aegris,
438 2068 536 2123 neque
556 2051 615 2120 fas3
636 2052 716 2120 quod
735 2058 882 2106 unumst
901 2051 1011 2122 ingens

234 2141 373 2194 Solamen
393 2137 560 2209 reliquum;
580 2139 690 2204 valete,
712 2138 817 2205 Ocelli,

233 2226 330 2283 Ocelli
348 2226 437 2281 nitidi
456 2243 538 2280 meae
559 2226 687 2296 puellae,

233 2320 340 2382 Avete,
360 2321 451 2387 atque
472 2316 583 2387 valete,
603 2315 700 2385 deque
721 2332 839 2371 summo

232 2408 366 2464 Posthac
386 2405 501 2462 vertice
521 2405 563 2459 mi
582 2405 692 2461 micate
714 2406 800 2461 coeli.

232 2499 269 2551 In
287 2496 377 2553 terris
396 2512 452 2566 ego
471 2493 561 2550 thure
581 2512 636 2550 vos
656 2501 686 2549 et
705 2513 757 2549 ara

232 2588 273 2641 Et
292 2591 386 2641 cantu
405 2583 540 2638 citharae
562 2584 659 2638 colam
678 2602 815 2650 sonorae,

232 2677 380 2730 Incensus
399 2673 495 2747 magis
514 2672 546 2728 in
565 2673 630 2730 dics
649 2673 805 2746 magisque

232 2767 413 2822 Sanctarum
431 2763 546 2835 liquido
565 2763 634 2834 igne
653 2765 845 2836 pupularum.

1028 289 1080 346 179
