2498 4012
144 331 222 388 Nam
239 330 340 388 minus
357 332 492 388 Aetneas
509 335 624 387 vexant
643 329 782 386 iuuandia
799 347 898 404 rupes,

181 423 280 489 Quam
298 421 409 493 quibus
426 427 475 477 est
493 419 596 493 iacies,
616 419 735 492 Borgia,
754 425 828 474 nota
845 424 915 490 tua;

144 511 208 568 Nee
225 508 321 567 facies
339 510 436 577 modo,
455 509 508 566 sed
526 508 610 565 docti
627 526 748 582 quoque
766 509 899 580 peotoris
918 517 1007 577 artes,

179 602 228 660 Ah
245 608 360 674 pereat,
381 600 515 674 siquem
533 599 631 656 forma
649 599 716 655 sine
736 605 800 655 arte
820 605 931 656 movet.

144 693 246 764 Atque
266 708 330 763 ego,
349 689 403 760 qui
421 690 547 746 miseros
566 689 640 745 olim
657 706 783 746 securus
802 696 939 746 amantes

179 782 336 849 Ridebam,
356 787 388 837 et
405 780 491 837 saevi
509 798 603 853 regna
620 780 751 851 superba
769 778 834 845 Dei,

144 870 381 943 Speetabamque
401 868 478 925 mari
495 869 611 925 laceras
630 869 666 922 de
686 867 791 923 littore
810 885 934 943 puppes,

179 960 269 1015 Nune
289 975 362 1030 agor
379 958 412 1014 iu
430 975 545 1025 caecae,
563 955 729 1028 naufragus
747 955 820 1027 ipse,
840 956 913 1013 vias.

588 1308 632 1360 Π.

226 1454 425 1525 Hruuus
446 1453 499 1521 ru
521 1425 680 1522 Divum
702 1454 997 1525 sirenarum

144 1671 220 1726 Nam
239 1686 317 1742 quae
336 1673 368 1724 te
387 1667 495 1739 eulpae
514 1673 546 1724 et
563 1667 688 1725 sceleris
706 1675 771 1724 tam
789 1667 855 1724 dira
873 1668 989 1740 cupido,

143 1757 257 1814 Infelix
275 1757 405 1830 Solyma,
426 1762 458 1812 et
476 1754 587 1811 saeclis
607 1755 776 1811 damnanda
795 1756 908 1812 futuris

143 1845 314 1919 Corripuit?
332 1850 435 1900 tantas
454 1849 508 1900 aut
526 1844 592 1914 quis
610 1844 695 1902 furor
714 1845 778 1917 egit
794 1845 828 1901 in
845 1845 925 1903 iras?

142 1937 187 1994 Ut
201 1937 348 2009 juvenem
365 1932 462 2006 patris
480 1932 616 1989 aetherei
631 1938 795 2005 praecepta
812 1940 970 1992 canentem

141 2024 232 2082 Dieta
248 2023 315 2091 sibi,
335 2027 367 2079 et
384 2028 525 2078 veterum
542 2019 726 2077 referentem
746 2023 869 2078 oracula
886 2030 992 2080 vatum

141 2110 316 2168 Praestanti
334 2109 465 2184 eloquio,
482 2101 576 2183 ¹teque
595 2109 632 2165 ad
651 2109 778 2164 meliora
794 2117 955 2168 vocantem

141 2200 280 2272 Compita
296 2217 351 2273 per
368 2198 543 2271 mediasque
561 2198 628 2255 vias
648 2216 664 2254 e
684 2199 841 2256 moenibus
858 2202 943 2259 urbis

140 2291 272 2349 Illusum
289 2289 453 2362 expuleris,
471 2297 538 2344 tum
557 2306 647 2345 eaeoa
665 2289 784 2362 perdita
802 2297 904 2347 mente

141 2382 299 2439 Ooneursu
316 2397 455 2452 pressum
472 2378 598 2451 ingenti,
618 2379 760 2450 saxisque
779 2380 912 2451 petitum

140 2472 278 2528 Nudatos
296 2477 390 2538 artua,
411 2486 468 2526 osu
487 2469 639 2543 quondam
657 2470 804 2543 grandine
822 2472 916 2530 densa

140 2560 286 2634 Juppiter
303 2559 492 2632 ingeminans
511 2566 624 2616 terram
643 2560 744 2632 quatit
763 2562 885 2619 aethere
906 2564 943 2620 ab
962 2566 1033 2635 alto,

140 2649 278 2708 Crudelis
295 2649 380 2707 letho
399 2648 518 2705 dederis
537 2649 582 2704 nil
601 2650 662 2704 tale
681 2652 871 2709 merentem?

140 2741 199 2798 Ille
218 2739 341 2812 quidem
358 2737 478 2812 plaoido
497 2739 663 2796 sustollens
681 2739 799 2796 lumina
815 2743 904 2798 vultu

139 2829 363 2901 Lustrabatque
383 2827 480 2884 oeulis
499 2828 628 2900 eoelum,
647 2827 876 2903 intrepidusque
894 2832 1011 2904 periali,

139 2918 297 2974 Laudabat
314 2918 456 2990 Superos
476 2923 507 2973 et
527 2935 580 2990 spe
597 2935 654 2974 sua
671 2918 781 2974 damna
797 2919 934 2979 levabat:

139 3006 197 3064 cui
213 3023 254 3074 se,
274 3013 407 3078 quantus
425 3011 500 3073 erat,
520 3005 683 3062 manifesta
701 3006 734 3063 in
752 3008 822 3064 luae
840 3009 1004 3066 videndum

138 3096 206 3168 Ipse
225 3101 312 3166 pater
329 3094 435 3152 divum
453 3094 578 3151 dederat
597 3113 667 3151 oum
686 3114 826 3168 compare
845 3104 917 3154 nato

139 3185 293 3256 Sublimis,
311 3184 470 3256 medioque
489 3185 537 3240 illi
555 3184 694 3258 fulgebat
713 3187 851 3258 Olympo·

139 3273 222 3341 Quin
241 3274 334 3330 etiam
353 3280 489 3330 extremo
508 3291 578 3330 oum
592 3274 654 3347 jam
673 3277 729 3331 sub
747 3277 807 3332 fine
825 3276 963 3332 laborum

138 3361 292 3434 Disjeetus
311 3361 386 3418 duro
404 3362 538 3419 frontem
557 3368 588 3418 et
607 3380 682 3419 aava
700 3371 836 3436 tempora
855 3366 955 3421 nimbo

137 3453 203 3509 Iret
222 3451 282 3508 iter
298 3452 423 3525 propius
440 3451 526 3521 lethi,
545 3458 649 3509 tamen
666 3452 805 3510 hostibus
824 3453 896 3526 ipsis
