2498 4012
599 336 662 388 111.

362 472 428 538 AD
451 469 634 540 RUINAS
656 468 900 539 cUMARUM

483 603 654 658 (Elessimm,
671 602 727 649 Lib.
740 602 778 655 11.)

162 768 231 835 Hie,
251 767 304 823 ubi
322 768 454 825 cumeae
472 768 636 840 surgebant
654 765 772 838 inelyte
788 761 888 819 famae

198 856 326 930 Moenia,
346 857 474 930 Tyrreni
492 857 590 931 gloria
606 855 705 929 prima
723 853 823 923 maris,

161 947 350 1020 Longinquis
369 966 429 1021 quo
447 966 538 1021 saepe
556 948 665 1019 hospes
683 945 864 1019 properabat
882 943 920 999 ab
941 943 1016 1012 oris,

197 1035 328 1092 Visurus
346 1037 490 1108 tripodas,
509 1036 597 1093 Delie
615 1051 731 1107 magne,
750 1040 828 1100 tuoe,

162 1126 204 1179 Et
221 1143 316 1196 vagus
334 1126 477 1196 antiquos
495 1126 631 1182 intrabat
649 1124 754 1181 navita
771 1129 886 1196 portus,

197 1214 355 1280 Quaerens
373 1215 536 1270 Daedaliae
556 1213 678 1269 conseia
696 1213 784 1285 signa
800 1211 899 1284 fugae,

162 1302 303 1373 (Credere
323 1306 391 1378 quis
410 1306 562 1378 quondam
580 1304 690 1376 potuit,
709 1304 782 1359 dum
799 1303 863 1358 fata
881 1303 1088 1374 manebantl)

196 1391 285 1448 Nuno
304 1393 383 1448 silva
401 1401 536 1464 agrestes
555 1393 669 1449 occulit
687 1393 751 1448 alta
768 1392 857 1448 feras.

163 1487 263 1554 Atque
282 1483 335 1538 ubi
352 1483 495 1539 fatidicae
514 1483 634 1539 latuere
653 1500 764 1538 aroana
782 1481 927 1552 Sibyllae,

196 1571 284 1626 Nunc
304 1571 418 1627 claudit
436 1579 555 1628 saturas
574 1588 700 1642 vespere
714 1577 820 1642 pastor
837 1587 923 1627 oves.

162 1661 305 1733 Quaeque
325 1662 409 1733 prius
427 1668 549 1718 sanatos
568 1662 696 1733 cogebat
715 1660 800 1716 ouria
816 1666 930 1733 patres,

196 1753 390 1824 Serpentium
408 1754 491 1808 facta
509 1760 557 1808 est
575 1752 766 1826 alituumque
786 1752 902 1809 domus

161 1842 317 1914 Plenaque
337 1849 384 1897 tot
402 1842 514 1914 passim
532 1842 690 1913 generosis
708 1841 787 1897 atria
806 1840 892 1909 ceris,

195 1933 266 2003 Ipsa
284 1949 340 1986 sua
358 1933 481 1987 tandem
500 1932 627 1986 subruta
646 1931 726 1986 mole
742 1931 857 2002 jacent

161 2023 385 2094 Caloanturque
406 2022 479 2076 olim
497 2021 592 2077 sacris
612 2028 740 2077 onerata
757 2020 912 2091 trophaeis

194 2109 321 2176 Limina,
340 2109 503 2166 distractos
523 2117 554 2164 et
574 2109 651 2181 tegit
669 2108 762 2165 herba
780 2112 871 2165 Deos

161 2201 219 2255 'Pot
237 2199 355 2265 decora,
375 2199 589 2270 artificumque
609 2217 725 2266 manus,
746 2203 793 2254 tot
811 2206 885 2253 nota
902 2200 1061 2272 sepulcra,

196 2289 315 2358 Totque
335 2288 401 2360 pios
420 2288 539 2343 cineres
558 2307 621 2343 una
640 2288 729 2343 ruina
747 2288 867 2360 premit.

161 2380 202 2433 Et
218 2377 282 2448 jam
301 2378 382 2433 intra
400 2380 541 2450 solasque
561 2379 675 2444 domus,
695 2378 881 2451 disjectaque
900 2381 1021 2451 passim
1063 2385 1067 2390 '

197 2466 337 2522 Culmina
355 2468 504 2539 setigeros
524 2468 642 2523 advena
659 2467 727 2539 figit
745 2484 841 2539 apros.

160 2556 223 2610 Neo
242 2563 345 2612 tamen
363 2558 419 2612 hoo
440 2557 538 2629 Grajis
559 2557 672 2612 cecinit
690 2560 774 2612 Deus
793 2557 857 2628 ipse
877 2559 1008 2618 earinis:

195 2646 324 2699 Praevia
342 2665 399 2702 neo
417 2647 481 2701 lato
501 2647 593 2702 missa
612 2647 753 2702 columba
771 2645 856 2701 mari.

161 2735 200 2787 lit
218 2734 383 2806 querimur,
404 2735 465 2790 cito
484 2735 511 2790 si
529 2742 650 2790 nostrae
671 2737 742 2790 data
761 2741 902 2807 tempora
920 2737 1010 2796 vitae

194 2822 390 2894 Diffugiunt?
408 2826 499 2881 urbes
518 2843 598 2880 mors
617 2825 754 2880 violenta
771 2824 859 2895 rapit.

159 2915 260 2985 Atque
278 2914 398 2970 utinam
417 2932 485 2969 mea
505 2933 552 2969 me
572 2914 682 2969 fallant
703 2914 827 2969 oracula
846 2919 965 2972 vatem:

195 3007 300 3059 Venus
320 3010 352 3058 et
370 3023 387 3058 a
407 3005 496 3074 longa
513 3003 694 3074 posteritate
714 3002 804 3058 ferar.

158 3095 220 3149 Neo
239 3101 274 3148 tu
294 3111 411 3165 semper
431 3091 499 3163 eris,
519 3110 597 3164 quae
616 3099 735 3164 septem
755 3092 952 3163 amplecteris
971 3114 1079 3154 aroes:

194 3186 257 3240 Neo
276 3191 320 3249 tu,
341 3202 416 3256 quae
438 3183 546 3239 mediis
565 3185 687 3238 aemula
704 3183 804 3254 surgis
822 3181 919 3254 aquia.

162 3274 198 3327 llt
217 3278 248 3328 to
268 3272 348 3344 (quis
367 3277 456 3343 putet
473 3272 564 3344 hooi)
584 3271 678 3326 altrix
696 3287 771 3337 mea,
791 3271 885 3326 dunas
903 3272 1018 3329 arator'

193 3366 309 3428 Vertet,
331 3373 369 3430 at,
389 3363 477 3429 Urbs,
497 3363 588 3427 diost,
607 3363 682 3417 haee
701 3377 821 3434 quoque
840 3360 924 3416 olara
943 3362 1020 3422 fuit.

159 3453 235 3507 l'ota
254 3453 380 3508 trabunt
398 3454 544 3520 homines,
566 3452 639 3509 fatis
658 3449 844 3522 urgentibus
865 3451 983 3520 urbes,

196 3542 237 3595 Et
255 3542 467 3616 quodcumque
487 3545 581 3612 vides,
602 3542 721 3599 auferet
739 3538 805 3611 ipsa
821 3539 895 3595 dies,
