2498 4012
103 381 171 438 Non
188 381 248 438 erit
266 381 390 439 Oebalio
408 381 548 454 pretium,
568 401 630 440 non
648 403 722 441 usus
742 384 847 450 aheno,

137 471 266 543 Fulgida
283 478 444 542 pascentes
462 491 596 545 purpura
613 473 714 546 tinget
732 491 813 530 oves.

101 560 164 615 Nee
183 560 271 616 Jovis
290 562 336 615 ira
354 562 450 628 cadet,
470 580 526 617 nee
545 569 728 634 tempestate
745 561 883 617 ferentur

135 649 209 705 Ulla
228 648 398 720 procelloso
417 650 565 722 naufraga
583 652 654 707 vela
671 651 755 717 mari,

101 737 208 792 Nereis
226 737 318 809 inque
338 737 494 793 hominum
512 740 622 795 durata
641 740 791 795 caloribus
809 757 891 806 usae,

136 827 172 881 Se
193 825 257 892 tibi,
277 827 419 897 Neptuno
438 845 499 882 non
517 829 705 899 prohibente,
726 827 819 884 dabit.

102 918 242 989 Areaque
262 917 339 973 haud
356 918 457 985 maris,
477 919 559 975 haud
577 926 749 993 exaequata
768 919 912 993 cylindris

137 1005 271 1062 Cuilibet
289 1025 455 1079 aequoreas
472 1009 557 1080 larga
575 1009 719 1065 refundet
738 1028 817 1081 opes.

103 1094 256 1151 Plurimus
276 1103 402 1167 argento
422 1096 506 1153 rivus
525 1098 601 1153 fluet
622 1105 652 1153 et
671 1098 747 1154 fluet
765 1115 847 1172 aure,

138 1183 333 1256 Plurimaque
353 1185 385 1240 in
403 1185 515 1242 nostris
533 1204 651 1259 gemma
668 1186 780 1243 nitebit
797 1187 891 1260 aquis

101 1273 168 1331 Non
187 1274 299 1344 galeae,
319 1292 381 1330 non
400 1275 480 1332 ensis
499 1283 599 1343 erunt,
618 1293 680 1331 non
698 1275 768 1347 pila,
789 1294 845 1332 nee
868 1291 963 1343 arcus,

136 1361 200 1416 Neo
220 1366 382 1434 tormenta,
401 1363 497 1433 patris
515 1364 580 1419 Pax
598 1370 683 1436 teget
703 1382 787 1418 arma
806 1363 877 1419 situ.

103 1449 171 1505 Non
188 1449 259 1505 lites
279 1449 393 1521 agitare
412 1450 486 1518 foro,
507 1469 569 1507 non
588 1453 667 1508 scita
685 1469 792 1524 rogare

136 1539 204 1593 Non
222 1540 282 1595 erit
300 1539 332 1595 in
351 1546 455 1611 captos
473 1539 575 1597 vincla
592 1559 698 1612 parare
715 1558 793 1597 reos.
844 1532 847 1538 ’

99 1627 168 1683 Non
187 1627 247 1683 iter
265 1628 411 1700 impediet
429 1631 549 1701 praedo,
568 1649 626 1687 nee
645 1631 765 1687 furibus
785 1629 858 1686 ullis

137 1717 344 1774 Incustoditae
363 1719 567 1790 surripientur
585 1737 667 1791 opes.

101 1801 194 1857 Nulla
212 1802 328 1858 tributa
346 1803 401 1870 tui,
420 1822 477 1870 nee
497 1804 662 1876 vectigalia
679 1804 821 1875 pendent,

139 1890 237 1962 Seque
256 1898 288 1947 et
307 1909 379 1963 opes
397 1892 479 1950 ultro
498 1899 572 1949 tune
592 1893 648 1948 tibi
666 1893 793 1966 quisque
814 1890 906 1948 dabit.

101 1978 144 2034 At
160 1986 247 2050 pater
266 1979 376 2037 effusas
394 1999 497 2037 rerum
515 1981 572 2037 tibi
588 1982 710 2053 linquet
726 1982 867 2049 habenae,

135 2069 176 2124 Et
193 2069 274 2124 sinet
291 2070 366 2126 haee
385 2070 457 2126 fatis
476 2088 598 2126 currere
616 2073 717 2127 saecla
735 2071 806 2126 tuis.

100 2157 317 2230 Ambrosiaque
336 2176 444 2229 parens
463 2165 549 2215 artus
568 2159 691 2230 perfusa
710 2159 852 2227 nitenteS,

136 2247 194 2303 Tot
211 2248 290 2303 bona
308 2249 450 2320 gaudebit
468 2249 625 2321 sanguinis
644 2267 709 2305 esse
727 2248 784 2305 sui.

101 2335 189 2392 Felix
207 2342 303 2392 matre
322 2355 407 2409 puer,
426 2338 501 2394 felix
520 2343 606 2409 patre
627 2345 658 2393 et
676 2339 773 2393 altera
791 2344 824 2394 et
842 2338 921 2394 alter

135 2425 233 2488 Prole,
253 2425 342 2480 thoro
362 2426 448 2483 vobis
466 2433 549 2484 terra
567 2428 657 2483 beata
675 2427 782 2483 tribus.

101 2513 168 2570 Sint
185 2519 253 2569 rata
269 2514 358 2581 dieta,
377 2533 494 2587 precor,
515 2534 623 2589 meque
641 2516 711 2572 illos
729 2522 833 2574 servet
850 2515 883 2571 in
901 2535 996 2573 annos

136 2602 284 2674 Cynthius
303 2609 334 2659 et
352 2610 466 2676 quanto
485 2605 526 2660 sit
545 2605 618 2660 satis
638 2623 689 2660 ore
711 2613 812 2662 canat.

118 2777 243 2822 Luerazia
253 2777 355 2833 Borgia,
368 2778 433 2834 dopo
440 2792 504 2824 aver
514 2791 561 2833 per
573 2780 623 2825 due
633 2781 705 2825 volte
718 2791 775 2824 rese
785 2791 852 2824 vane
863 2779 889 2823 le
900 2791 1023 2833 sperante
1036 2777 1061 2820 di

80 2843 189 2890 moneo
203 2845 292 2889 d'aver
313 2847 346 2891 da
369 2847 407 2891 lei
427 2847 598 2899 discendenti,
620 2848 725 2904 partorl
745 2847 766 2891 il
789 2845 931 2898 dd’aprile
951 2845 1003 2888 15oe
1025 2857 1062 2888 un

79 2909 206 2963 bambino,
221 2912 288 2955 aeui
297 2910 328 2956 fu
341 2913 452 2967 impasto
466 2914 488 2958 il
503 2927 578 2958 nome
593 2913 620 2958 di
634 2914 739 2959 Ereole.
752 2899 831 2967 llper
844 2911 906 2965 quel
919 2911 1006 2954 fauste
1019 2923 1063 2953 av·

79 2977 230 3022 venimento
240 2978 289 3024 eho
298 2979 324 3023 10
334 2979 435 3023 Sti-ozai
455 2980 528 3024 detth
538 2984 630 3033 questo
642 2979 806 3031 Gemtltacon,
818 2977 866 3021 ohe
877 2977 907 3019 fu
924 2988 977 3019 una
992 2975 1061 3018 delle

76 3044 173 3088 ultime
187 3056 245 3090 ease
259 3046 306 3089 ohe
321 3046 414 3090 serisso
429 3047 557 3090 l‘infeliee
571 3050 657 3100 poeta,
672 3043 764 3100 poiche
778 3045 799 3088 il
821 3044 936 3097 pugnale
958 3043 1062 3085 assassi-

79 3123 113 3154 no
132 3112 159 3156 lo
173 3112 242 3166 eolpl
256 3111 283 3156 di
298 3113 318 3156 ll
336 3126 352 3157 a
372 3126 448 3157 meno
470 3114 496 3157 di
516 3115 565 3158 dne
574 3113 639 3158 mesi
649 3135 675 3144 -
684 3110 738 3157 cfr.
749 3110 931 3155 Gaueoaovms.
942 3110 1062 3175 Laurente

78 3176 187 3232 Rerum
198 3177 267 3223 trad.
283 3178 409 3231 Mariano,
426 3192 450 3233 p.
465 3180 512 3224 elo.
