2498 4012
1059 244 1094 298 31

136 352 213 409 Cum
232 351 337 422 rapido
357 355 454 406 certat
470 348 619 420 juvenum
638 365 745 403 manus
766 348 887 403 aemula
906 366 1005 414 cursu,

172 441 260 498 Vitta
279 439 475 495 retroflexam
495 437 545 493 cui
564 442 682 509 premat
701 437 769 491 alba
788 454 913 508 comam,

138 530 286 602 Tempore
305 548 364 601 quo
384 528 543 599 Zephyrus
561 526 729 583 viridantes
749 533 859 581 evocat
876 526 985 582 herbas

172 620 214 674 Et
232 618 318 675 vario
337 616 451 689 pictam
469 616 543 671 flore
566 621 692 670 coronat
710 615 844 682 humum,

137 708 295 778 Purpureo
315 724 384 761 cum
403 723 475 761 vere
495 721 593 760 novus
612 703 690 757 redit
710 697 815 770 annus,
836 711 868 760 et
888 705 952 760 ales

173 794 309 850 Plurima
327 794 478 850 frondosis
496 793 593 863 garrit
611 792 643 846 in
661 792 829 848 arboribus.

138 883 197 938 Hic
216 883 289 938 dum
306 882 439 937 sollicito
458 888 629 954 spectarem
647 881 763 935 lumine
784 900 898 954 cursus,

174 975 256 1030 Ante
277 990 344 1027 mea
362 972 535 1026 arcitenens
556 970 695 1024 constitit
716 988 769 1024 ora
789 972 875 1036 Puer,

139 1059 241 1114 Aurea
260 1058 311 1113 cui
328 1057 418 1113 laeva
435 1057 586 1127 pendebat
604 1062 690 1126 parte
709 1056 859 1127 pharetra,

174 1149 289 1215 Nudus,
309 1154 342 1202 et
360 1146 505 1216 adspectu
523 1144 653 1199 blandus
666 1150 698 1199 et
716 1161 785 1199 acer
803 1152 877 1202 erat.

140 1238 238 1310 isque,
257 1236 311 1292 ubi
331 1234 455 1306 collegit
474 1235 599 1301 celeres,
620 1233 729 1304 quibus
749 1235 855 1302 utitur,
876 1237 947 1302 alae,

175 1325 348 1398 Depromsit
367 1324 458 1380 nivea
477 1323 634 1394 splendida
653 1324 717 1378 tela
736 1341 840 1394 manu;

140 1417 241 1487 Atque
260 1414 317 1469 ait:
340 1432 356 1468 0
372 1412 495 1484 juvenis
518 1413 677 1468 volucrum
696 1412 822 1468 mirator
841 1432 997 1487 equorum,

175 1505 264 1571 Quod
283 1504 395 1559 mirere
415 1502 509 1571 magis
531 1520 613 1556 nunc
633 1519 700 1556 mea
720 1503 828 1558 dextra
846 1505 938 1562 dabit.

141 1594 275 1661 Dixerat,
289 1598 328 1648 ‘et
345 1593 460 1665 pariter
478 1593 572 1648 sumit
592 1611 660 1647 cum
679 1610 755 1649 voce
775 1594 888 1665 sagitta

176 1684 273 1752 Inque
292 1700 360 1737 meo
381 1681 517 1737 subitum
535 1688 659 1752 pectore
678 1682 790 1737 vulnus
811 1692 886 1738 erat.

141 1770 219 1825 'I'um
238 1771 319 1825 calor
334 1771 477 1842 jnsuetus
499 1787 593 1825 venas
611 1769 783 1841 penetravit
801 1771 839 1825 ad
854 1771 938 1840 imae,

177 1859 218 1912 Et
236 1857 338 1929 magni
356 1857 457 1928 patuit
475 1856 521 1912 vis
539 1856 701 1912 manifesta
720 1857 786 1913 Dei.

141 1946 221 2000 Dum
238 1952 355 2016 stupeo,
376 1962 528 2016 conorque
547 1963 642 2001 novas
661 1947 840 2019 extinguere
859 1949 993 2006 flammas

177 2034 341 2089 Subridens
360 2033 468 2104 pannis
489 2034 591 2090 evolat
610 2035 662 2089 ille
681 2036 753 2091 suis.

141 2125 222 2178 Acer
240 2130 275 2178 ut
294 2123 436 2178 insolitae
456 2122 570 2178 calabri
588 2124 746 2180 domitoris
764 2125 899 2182 habenae

177 2211 297 2281 Pugnat
316 2228 412 2281 equus
433 2211 554 2281 campis,
576 2213 628 2284 qui
648 2215 736 2269 modo
756 2215 833 2271 liber
854 2224 929 2285 erat,

141 2303 215 2357 Post
234 2309 338 2357 tamen
356 2302 503 2357 audacem
521 2303 611 2358 discit
630 2304 763 2360 tolerare
783 2307 963 2378 magistrum

177 2394 218 2448 Et
235 2392 352 2447 fractus
370 2391 462 2447 docta
481 2392 615 2447 concidit
634 2400 698 2448 arte
719 2393 812 2462 furor,

140 2481 231 2536 Haud
250 2479 340 2535 aliter
359 2479 469 2535 mentis
489 2480 661 2535 constantia
681 2481 762 2536 victa
781 2501 917 2553 severae,

178 2573 220 2625 Et
237 2588 306 2625 mea
326 2567 473 2639 corripuit
490 2569 640 2639 plurimus
659 2587 727 2624 ossa
745 2572 835 2638 Deus,

143 2661 288 2731 Collaque
308 2657 448 2714 submisit
467 2657 582 2713 domito
601 2659 752 2715 luctantia
771 2660 864 2735 fastu,

178 2751 218 2804 Et
236 2747 398 2804 Dominam
415 2746 516 2803 victor
535 2747 757 2820 servitiumque
778 2749 870 2806 dedit.

144 2838 222 2893 'Pum
241 2837 369 2902 monuit,
388 2843 513 2892 tenerae
533 2838 636 2892 valeat
654 2837 727 2909 quid
745 2839 842 2909 gloria
860 2840 984 2908 formae,

179 2926 261 2993 Quid
279 2925 386 2980 faciles
405 2925 495 2991 oculi,
516 2925 731 2997 virgineusque
751 2927 853 2996 pudor.

144 3016 208 3071 Nec
225 3015 300 3069 mihi
320 3014 455 3081 consilio,
476 3031 533 3069 nec
551 3015 676 3085 prodest
695 3014 812 3072 viribus
831 3017 886 3083 uti,

180 3108 221 3160 Et
240 3107 316 3161 bene
334 3106 459 3161 libertas
478 3116 549 3160 ante
570 3111 693 3160 retenta
711 3105 801 3175 perit.

145 3195 234 3249 Felix
253 3195 305 3266 qui
323 3213 426 3250 sacros
446 3201 532 3250 tutus
552 3194 735 3265 contempsit
754 3212 879 3266 amores,

181 3283 244 3338 Nec
263 3285 401 3339 dominae
422 3285 563 3339 insanum
582 3286 711 3356 pertulit
730 3284 906 3354 imperium!

145 3373 202 3427 Sed
221 3373 294 3427 felix
314 3373 443 3427 nimium
461 3391 567 3428 rursus
585 3374 774 3443 nimiumque
793 3374 910 3439 beatus

183 3461 215 3517 Si
234 3462 284 3517 cui
302 3480 333 3517 se
352 3461 474 3518 facilem
493 3463 633 3534 praebuit
652 3463 718 3533 ipsa
738 3462 856 3519 Venus!
