2498 4012
171 241 223 298 160

220 344 339 419 Phyllis
356 344 410 401 ubi
427 344 562 400 formosa
578 341 663 398 dedit
681 342 756 397 mihi
774 341 859 398 basia
876 342 991 414 prima,

255 435 419 507 Primaque
441 433 593 489 cantando
612 439 701 504 parta
719 450 832 487 corona
850 432 935 499 mihi,

220 524 324 582 vivite
345 523 461 581 felices.
481 540 538 578 nec
557 521 644 577 vobis
662 528 717 577 aut
734 521 836 593 gravis
855 528 973 589 aestus,

254 615 320 670 Aut
337 619 449 667 noceat
467 628 559 668 saevo
578 611 690 683 frigore
710 610 808 666 aristis
827 611 933 666 hiems.

219 703 283 758 Nec
301 701 457 775 lympham
476 701 655 771 quadrupea
676 718 733 755 nec
751 700 860 756 silvam
879 699 957 755 dura
977 700 1130 773 bipennis

255 793 319 846 Nec
339 790 436 846 violet
455 796 578 847 teneras
596 789 646 844 hic
659 789 751 861 lupus
772 807 843 844 acer
862 801 973 844 ovesz*

220 881 262 936 Et
280 880 437 952 Nymphae
456 879 548 934 laetis
568 879 726 935 celebrent
745 881 813 934 loca
831 884 938 934 sancta
960 879 1099 952 chorei-e,

256 970 298 1025 Et
316 970 381 1024 Pan
399 968 547 1024 Arcadiae
568 967 724 1038 praeferat
745 968 800 1023 illa
818 985 900 1024 suae.

628 1265 668 1316 X.

329 1417 414 1484 aar
441 1416 621 1487 “Lusus
644 1417 981 1507 PASTORALES„

502 1561 672 1615 (Garminum,
688 1561 745 1606 Lib.
760 1561 804 1614 iv.)

223 1741 374 1809 PastoreS,
394 1745 517 1794 teneras
535 1739 642 1810 procul
659 1737 731 1794 hinc
751 1745 852 1794 arcete
875 1740 1020 1810 capellas,

252 1831 293 1884 Et
311 1846 426 1884 sacram
447 1826 542 1898 nigris
560 1828 694 1900 spargite
715 1829 842 1884 humum
859 1828 960 1884 violis,

217 1919 285 1974 Neu
303 1917 419 1974 veteris
439 1918 552 1984 bacchi,
572 1935 633 1972 neu
652 1917 753 1972 dulcis
772 1917 859 1990 copia
877 1917 978 1986 lectica,
1088 1946 1093 1952 ·

252 2008 319 2064 Neu
339 2006 420 2062 desit
439 2007 576 2063 numeris
595 2006 671 2062 tibia
689 2007 853 2062 flebilibus,

217 2096 277 2151 Hic
296 2097 376 2151 bona
394 2097 509 2170 Hyella
524 2097 615 2167 jacet,
635 2097 753 2168 pecoris
771 2095 904 2152 formosa
922 2097 1085 2170 magistra,

251 2187 272 2242 J
273 2192 427 2258 uncdaque
450 2204 519 2241 cum
538 2186 661 2242 domina
678 2187 738 2240 fida
758 2186 875 2256 capella
889 2205 952 2242 sua.

215 2274 305 2328 Illam
327 2292 438 2331 saevus
457 2292 541 2330 amor
559 2276 688 2331 nimium
708 2276 841 2332 infelicis
859 2276 942 2332 Iolae

252 2362 403 2432 Perdidit;
422 2364 502 2418 hanc
523 2383 609 2419 carae
629 2365 729 2436 perdia
748 2383 832 2419 amor
849 2365 1000 2421 dominae.

216 2452 294 2505 Nam
313 2452 405 2508 simul
424 2455 620 2510 exhalantem
640 2454 771 2510 animam
790 2454 950 2526 conspexit
968 2457 1131 2532 Hyellam,

250 2539 352 2611 Ipsius
370 2549 441 2598 ante
461 2545 552 2615 pedes
571 2544 706 2599 concidit
725 2544 872 2599 exanima.

215 2631 385 2686 Fortunata
404 2634 533 2703 capella!
553 2635 623 2706 polo
642 2634 760 2704 fulgere
780 2651 921 2705 supremo

250 2719 386 2789 Dignior,
407 2722 522 2777 Icariae
544 2741 636 2795 quam
656 2723 738 2778 canis
758 2724 921 2795 Erigones:

215 2805 246 2862 Si
265 2812 320 2862 tua
338 2827 448 2881 magna
467 2809 540 2863 fides
560 2810 700 2865 dominae
721 2828 819 2866 comes
838 2810 881 2865 ire
901 2812 957 2866 sub
979 2816 1117 2887 umbras,

251 2896 362 2962 Audet,
383 2904 413 2952 et
432 2904 503 2952 ante
523 2898 604 2953 diem
622 2899 748 2954 reddere
768 2900 887 2953 dulcem
906 2899 1055 2973 animam,

212 2985 255 3040 Ac
273 2984 384 3041 florens
403 2993 458 3041 tua
476 2987 558 3042 fama
577 2987 669 3056 viget,
689 3005 869 3058 semperque
888 2987 1008 3059 vigebit
1117 3009 1120 3017 ’

248 3076 434 3146 Exemplum
453 3083 578 3131 sanctae
598 3075 764 3132 maximum
783 3077 945 3144 amicitiae,

213 3167 294 3221 Dum
313 3164 392 3220 silva
410 3166 555 3237 gaudebit
574 3184 654 3235 aper,
675 3166 746 3221 dum
766 3173 869 3221 monte
890 3169 1019 3237 capella,
1063 3176 1065 3182 '

248 3255 329 3312 Dum
346 3254 460 3327 patulis
478 3253 555 3310 ulmi
573 3254 694 3314 decidet
711 3256 818 3313 umbra
837 3254 939 3314 comis·
