2498 4012
572 583 635 636 ΠΙ.

404 716 795 798 An'vnnnnau
887 729 892 739 ·

448 871 638 926 (Farraglnum,
654 871 700 916 lib.
715 872 758 925 ιν.)
835 905 839 911 .

129 1044 176 1097 En
195 1041 301 1109 violaS,
321 1059 358 1097 en
379 1049 410 1097 et
428 1061 522 1098 verno
542 1043 578 1098 de
600 1043 735 1114 caespite
759 1041 859 1110 florae,

116 1183 118 1186 .
164 1135 212 1187 En
230 1133 336 1188 brevia
354 1132 496 1188 immistis
515 1133 583 1187 lilia
602 1151 670 1189 cum
689 1133 794 1204 violis3

119 1223 176 1276 nn
196 1228 325 1289 costum,
345 1228 378 1276 et
395 1221 501 1294 pingui
518 1221 692 1277 lacrimatas
712 1222 823 1278 cortice
844 1223 990 1296 myrrhas3

165 1314 212 1367 En
231 1330 285 1383 per
304 1313 445 1367 odoratos
465 1312 569 1367 mollia
587 1312 678 1368 thura
696 1312 790 1368 focos

127 1401 173 1456 'Pu
192 1404 314 1472 patulas
333 1402 416 1473 aperi
435 1420 532 1467 nares,
553 1406 624 1467 Dea,
646 1420 723 1473 quae
746 1404 821 1459 colis
842 1405 922 1458 altos

164 1492 277 1546 Idaliae
298 1493 384 1548 lucos
403 1499 436 1548 et
453 1511 578 1547 nemora
597 1493 770 1560 umbrifera,

129 1582 170 1635 Et
188 1580 288 1636 fumos
307 1581 368 1635 late
388 1581 577 1636 exundantes
595 1581 690 1648 hauri,
711 1589 742 1637 et
762 1598 878 1637 amaras

164 1671 239 1727 Cum
257 1671 373 1741 gemitu
392 1670 476 1726 fusas
494 1677 527 1725 et
544 1671 685 1741 precibus
708 1673 866 1742 lacrymas.

131 1762 178 1814 En
197 1759 342 1814 miserum
360 1765 470 1829 vatem,
490 1758 611 1829 Paphia,
631 1766 662 1814 et
682 1765 872 1815 contractum
891 1766 923 1815 et
946 1760 1089 1816 adustum

167 1851 247 1904 Ecce
267 1849 349 1903 faces
372 1864 461 1919 aegro
482 1847 513 1901 in
531 1854 664 1918 pectore,
685 1854 715 1902 et
735 1865 805 1903 ecce
824 1848 924 1919 nives;

131 1937 257 1992 Viscera
276 1935 441 1991 candentes
459 1942 555 1990 urunt
573 1936 697 1990 incensa
713 1935 838 1992 favillae

163 2027 204 2080 Et
224 2043 275 2080 cor
293 2024 448 2095 Riphaeae
468 2009 671 2097 praecipitant
689 2025 812 2097 glacies.

129 2114 189 2169 Cur
208 2112 315 2180 saevis,
336 2113 419 2169 Dea?
439 2113 500 2170 Cur
519 2112 632 2168 crebris
649 2113 812 2169 hastilibus
831 2131 935 2171 amens

164 2202 276 2273 Piger?
295 2209 326 2257 et
345 2203 466 2274 injectis
486 2202 615 2258 emorior
634 2203 779 2259 sudibus?

127 2292 221 2348 Parce
241 2310 323 2362 arcu,
342 2310 433 2363 parce
453 2297 484 2347 et
503 2291 627 2364 calamo,
646 2310 768 2348 saevam
786 2291 875 2364 inijce
895 2294 995 2348 tedam

162 2381 230 2435 Non
249 2380 304 2436 tibi
324 2382 466 2436 cedentes
484 2381 567 2436 inter
583 2381 772 2451 Apollonios.

127 2470 195 2523 Non
214 2469 296 2525 rudis
315 2469 467 2540 ingredior
485 2476 540 2525 tua
560 2476 667 2535 castra,
687 2475 814 2525 cruenta
832 2478 956 2527 secutus

163 2559 257 2632 Bella,
277 2559 351 2613 mihi
369 2559 481 2614 indixit
499 2577 576 2629 quae
595 2559 748 2615 violentus
766 2561 870 2616 Amor.

127 2651 174 2706 Ad
192 2656 222 2705 te
243 2649 384 2721 confugio
403 2651 533 2721 supplex
552 2656 584 2705 et
601 2651 723 2705 Numen
741 2651 833 2704 adoro

162 2742 320 2796 Sanctum:
339 2740 378 2795 da
396 2740 519 2796 tandem
537 2739 741 2811 promeruisse
760 2741 874 2795 rudem.

127 2831 173 2887 Sit
197 2830 271 2886 satis
290 2830 321 2884 in
340 2836 463 2885 teneros
482 2828 614 2884 saevisse
634 2829 810 2884 immaniter
829 2820 921 2907 &tua

162 2922 322 2992 Aegraque
340 2919 443 2975 servili
464 2919 543 2974 colla
561 2918 677 2974 dedisse
693 2919 777 2990 jugo.
838 2912 846 2929 '¹

127 3008 222 3063 Parce
241 3008 317 3077 viro,
336 3025 425 3079 parce
445 3007 476 3061 in
495 3007 614 3062 senium
632 3007 828 3063 volventibus
848 3006 947 3062 annis:

163 3096 275 3152 Tabuit
293 3096 325 3150 in
344 3114 453 3153 vernos
471 3101 576 3151 nostra
593 3096 724 3166 juventa
742 3095 823 3150 dies:

127 3186 168 3239 Et
186 3191 288 3239 tamen
306 3184 421 3257 argutis
441 3184 545 3240 exurit
565 3183 683 3240 Chloris
703 3183 809 3239 ocellis

163 3275 249 3330 Nunc
269 3275 311 3329 mi
329 3276 460 3330 animam
480 3280 511 3329 et
529 3279 638 3345 pectus
657 3273 757 3329 debile
777 3280 808 3328 et
826 3273 992 3346 ingenium.

128 3366 175 3419 En
195 3365 308 3419 dudum
326 3365 435 3436 vigiles
455 3382 545 3435 cogor
564 3363 722 3418 traducere
743 3369 858 3433 noctes,

163 3454 204 3507 Et
219 3452 321 3524 jacere
340 3455 378 3508 ad
398 3453 503 3508 surdas
522 3468 629 3523 aspera
647 3452 741 3507 verba
758 3449 850 3508 fores.

128 3541 238 3607 Chlori,
253 3541 337 3612 jaces
356 3541 443 3597 molli
462 3547 595 3597 stertens
614 3539 718 3595 innixa
737 3541 839 3608 cubili,

162 3632 203 3686 Et
220 3630 306 3686 ducis
325 3632 432 3704 longas
450 3632 568 3686 somnia
586 3648 639 3702 per
658 3629 815 3686 tenebras:
