2498 4012
701 471 746 527 11.

235 633 449 700 GELELMI
465 634 614 702 VIDAE
632 636 692 701 ΕΤ
712 635 902 702 LEONAE
927 634 1208 704 OSOASALAE

554 738 724 782 PARENTUM
742 738 878 780 nameus

595 859 756 911 (Garminum
769 858 836 912 Lib.)

270 1031 341 1086 vHic
359 1037 463 1087 tamen
482 1033 658 1088 umbrosum
677 1041 789 1089 nactus
807 1051 924 1100 nemus,
942 1031 992 1086 hic
1011 1033 1080 1088 loca
1098 1035 1170 1090 sola

283 1122 327 1177 Ne
347 1139 415 1177 mea
432 1122 500 1194 quis
519 1124 633 1194 carpsit
651 1124 780 1179 nimium
798 1124 934 1179 lamenta
952 1140 1087 1191 severus

281 1212 322 1266 Et
340 1211 468 1267 nimium
487 1221 608 1269 teneros
626 1213 718 1269 fletus
737 1213 867 1269 irriserit
885 1231 981 1284 asper,

208 1335 210 1340 ,
281 1301 401 1356 Mecum
421 1302 584 1374 indulgebo
603 1303 692 1358 luctu
711 1303 767 1358 sub
787 1303 920 1358 Tusculo
940 1303 1011 1369 alto,

280 1391 320 1443 Et
338 1389 472 1446 lacrimis
490 1392 595 1448 oculos
614 1392 742 1463 explebo
762 1398 794 1447 et
813 1398 939 1463 pectora
958 1392 1094 1463 planctu.

282 1480 362 1534 Luce
382 1498 492 1553 querar
510 1486 692 1553 noctemque
711 1482 787 1536 meis
806 1481 975 1553 ploratibus
994 1481 1114 1537 addam.

279 1569 368 1636 Quod
386 1570 485 1624 solum
504 1578 647 1640 reputans
665 1589 811 1642 praesaga
829 1578 930 1627 mente
950 1573 1086 1638 verebar,

279 1661 368 1716 Unde
388 1659 463 1716 meis
481 1668 583 1731 posset
601 1660 726 1717 fortuna
744 1662 872 1717 illudere
885 1664 983 1728 rebus
1128 1661 1129 1664 ’

279 1751 407 1806 Accidit.
439 1753 519 1807 Acta
537 1751 612 1805 ratis
632 1769 724 1822 prope
741 1752 803 1822 jam
823 1769 890 1806 mea
909 1758 978 1807 tuta
997 1752 1128 1806 tenebat

279 1841 338 1896 'Pot
356 1840 456 1912 pelagi
474 1857 490 1894 e
511 1839 644 1911 scopulis
664 1840 778 1894 victrix
797 1848 980 1912 portumque
1000 1840 1138 1896 subibat.

277 1931 345 1985 Nou
365 1949 420 2000 ego
439 1929 591 1984 Palladias
609 1929 810 2000 nequicquam
829 1929 998 1984 industrius
1016 1935 1100 1984 artes

278 2020 448 2085 Tentaram,
468 2021 623 2074 abstrusas
638 2019 704 2088 jam
723 2037 826 2073 rerum
845 2020 990 2074 accedere
1011 2037 1148 2087 caussas,

276 2109 347 2165 Jam
365 2115 502 2179 poteram
522 2108 624 2163 varios
644 2107 722 2161 caeli
740 2108 923 2178 deprendere
943 2113 1052 2175 metue,
1106 2164 1109 2168 ,

276 2202 317 2255 Et
335 2201 466 2272 liquidos
484 2199 568 2254 radio
589 2199 693 2255 mundi
712 2199 881 2254 describere
902 2205 1027 2254 tractus.

276 2291 407 2361 Jamque
427 2290 572 2344 canebam
591 2288 700 2343 animis
719 2306 866 2358 superans
885 2290 1044 2359 audaxque
1060 2288 1200 2359 juventa

276 2378 362 2443 Quae
380 2377 459 2432 nulli
478 2378 627 2432 cecinere.
666 2378 729 2431 Leo
748 2375 811 2447 jam
831 2377 964 2432 carmina
981 2381 1088 2430 nostra

274 2469 343 2540 Ipse
363 2469 461 2525 libens
480 2470 643 2539 relegebat,
665 2486 720 2539 ego
739 2468 786 2523 illi
805 2486 895 2523 carus
916 2475 948 2522 et
966 2474 1075 2523 auctus

275 2557 511 2630 Muneribusque
530 2558 696 2628 opibusque
716 2564 749 2612 et
767 2557 933 2612 honoribus
952 2556 1128 2628 insignitus.

274 2647 382 2702 Omnia
401 2655 487 2702 erant
506 2648 581 2702 mihi
598 2648 687 2713 laeta,
709 2648 810 2703 anima
828 2648 906 2702 nihil
925 2647 1054 2717 amplius
1073 2647 1163 2702 ultra

274 2737 428 2807 Optabam,
449 2736 569 2792 cunctis
586 2743 634 2791 sat
652 2743 719 2791 erat
737 2737 852 2791 iactum
870 2736 1003 2807 undique
1022 2735 1105 2790 votis
1197 2725 1199 2727 ’

274 2828 315 2881 Et
331 2826 426 2895 digito
446 2826 523 2881 coeli
542 2825 718 2897 contingere
738 2844 856 2880 summa
872 2825 1005 2882 videbar.

273 2918 351 2971 Ecce
372 2923 496 2987 repente
516 2923 617 2970 autem
636 2914 767 2969 stridens
788 2914 928 2970 insibilat
948 2916 1056 2979 Eurus,

272 3003 413 3071 Aequora
431 3002 603 3063 turbantur,
623 3006 775 3071 portuque
795 3000 913 3054 avellor
933 2998 1063 3068 abipso

272 3091 351 3145 Ecce
371 3096 495 3160 repente
515 3107 606 3144 ruens¹
626 3088 700 3142 mihi
719 3091 845 3144 acerbus
865 3088 1008 3143 vulnerat
1027 3106 1121 3142 aures

273 3178 407 3234 Nuntius
426 3186 516 3250 atque
539 3180 641 3233 ambos
660 3178 751 3233 docet
770 3177 905 3232 amisisse
925 3183 1074 3247 parentes

271 3270 351 3321 Ante
364 3268 486 3338 quidem
498 3269 676 3337 genitorem,
691 3286 811 3339 aegram
824 3267 926 3321 subito
940 3266 1009 3322 inde
1023 3276 1198 3336 parentem.

272 3355 412 3410 Fulmina
432 3374 492 3426 quo
512 3357 628 3426 duplici
647 3355 765 3411 afflatus
780 3357 876 3427 jaceo,
897 3356 994 3409 omnis
1013 3356 1077 3409 abit
1096 3376 1194 3426 mena,

272 3446 376 3499 Omnis
396 3452 428 3499 et
446 3445 579 3500 exanimi
596 3446 677 3516 fugit
695 3448 732 3501 de
752 3464 875 3517 corpore
897 3464 1012 3500 sensus

272 3533 342 3587 Heu
361 3534 482 3604 genitor
500 3533 574 3586 mihi
593 3536 720 3601 ademte,
740 3552 854 3605 repens,
875 3535 935 3588 lieu
955 3540 1051 3587 mater
1071 3535 1211 3591 ademta!
