2498 4012
567 523 621 573 VI.

471 670 538 739 AD
561 674 719 740 NINAM

418 815 649 870 (Epigrammaton,
667 814 724 859 Lib.
739 816 767 866 1.)

233 1001 406 1068 Sexcentas,
426 1001 512 1069 Nina,
532 1000 577 1068 da,
597 1018 711 1072 precor,
731 999 852 1071 roganti

233 1091 291 1146 Sed
308 1097 429 1146 tantum
448 1091 523 1146 mihi
542 1090 738 1147 basiationes:

233 1181 301 1235 Non
320 1199 397 1254 quas
415 1182 489 1240 dent
507 1182 583 1237 bene
602 1180 684 1237 filiae
703 1181 838 1253 parenti;

233 1271 296 1325 Nec
315 1290 389 1343 quas
408 1271 481 1327 dent
500 1271 577 1327 bene
595 1272 740 1327 fratribus
758 1289 890 1327 sorores:

233 1361 291 1416 Sed
310 1380 385 1433 quas
404 1369 499 1433 nupta
518 1370 623 1434 rogata
642 1362 694 1417 det
713 1363 837 1433 marito;

232 1452 273 1505 Et
292 1467 367 1520 quas
386 1450 438 1506 det
453 1451 562 1524 juveni
579 1452 682 1523 puella
703 1469 781 1508 caro.

232 1540 329 1595 Juvat
347 1558 395 1595 me
414 1559 497 1596 mora
515 1542 606 1613 longa
625 1541 792 1610 basiorum;

232 1629 276 1682 Ne
296 1646 344 1682 me
364 1635 427 1684 tam
446 1630 507 1684 cito
527 1631 650 1686 deserat
668 1631 823 1701 voluptas.

233 1717 310 1772 Nolo
329 1736 478 1774 marmora
496 1725 589 1792 muta,
609 1720 681 1774 nolo
700 1719 797 1790 pictos

231 1810 370 1876 Deorum,
390 1810 477 1877 Nina,
495 1811 613 1866 basiare
633 1812 751 1867 vultus:

233 1899 290 1953 Sed
309 1906 405 1955 totam
425 1902 513 1973 cupio
533 1909 636 1958 tenere
655 1902 791 1973 linguam

231 1991 382 2046 Insertum
400 1991 565 2048 humidulis
584 1992 660 2048 meis
678 1991 811 2060 labellis3

230 2081 317 2135 Hanc
338 2087 368 2135 et
386 2099 502 2152 sugere,
524 2080 804 2151 morsiunculasque

230 2169 339 2224 Molles
358 2169 495 2241 adjicere,
517 2177 548 2225 et
568 2169 811 2225 columbulorum

231 2257 267 2310 In
286 2274 409 2324 morem,
429 2263 552 2313 teneros
571 2257 647 2312 inire
667 2258 763 2323 lusus,

229 2345 274 2398 Ac
294 2344 437 2401 blandum
457 2346 549 2406 simul
572 2346 707 2400 excitare
726 2362 873 2399 murmur.

230 2435 313 2489 Haec
332 2441 404 2490 sunt
423 2437 529 2492 suavia
547 2437 685 2492 dulciora
704 2438 793 2492 melle

230 2525 368 2597 Hyblaeo
390 2533 421 2582 et
439 2526 558 2582 Siculae
578 2527 695 2596 liquore
716 2544 838 2581 cannae.

229 2614 313 2670 Haec
332 2616 397 2671 sola
415 2617 643 2688 ambrosiaeque
663 2616 855 2690 nectarisque

231 2704 343 2760 Succos
362 2705 499 2777 fundere,
518 2708 584 2763 sola
601 2707 711 2763 habere
729 2713 864 2779 possunt.

229 2793 313 2859 Quae
331 2794 357 2850 si
377 2795 581 2868 contingerint
600 2797 682 2869 mihi,
703 2796 825 2866 tuisque

229 2883 400 2940 Admovere
419 2886 500 2942 sinas
519 2904 643 2941 manum
662 2884 791 2957 papillis,

229 2973 305 3040 Quis
325 2981 400 3031 tunc
419 2976 550 3043 divitias,
571 2977 638 3046 quis
658 2993 765 3032 aurum
786 2981 817 3030 et
836 2992 940 3030 omnes

226 3064 311 3119 Aesis
330 3083 378 3121 me
397 3073 486 3137 putet
505 3066 664 3123 aestimare
685 3066 792 3137 reges?

228 3152 248 3206 J
250 3170 298 3206 am
316 3171 377 3208 non
395 3155 556 3211 maluerim
574 3156 648 3210 mihi
667 3156 771 3210 beatas

229 3242 374 3310 Aurorae,
395 3245 583 3316 Venerisque
604 3243 715 3298 habere
735 3249 850 3315 noctes,

228 3332 295 3386 Non
313 3333 416 3388 Hebes
435 3333 585 3387 thalamos
604 3332 769 3388 beatiores:

230 3420 302 3488 Non,
322 3422 348 3477 si
366 3423 488 3478 deserat
505 3423 582 3477 haec
602 3440 692 3477 suum
710 3422 861 3490 maritum,

226 3511 294 3565 Non
312 3511 339 3568 si
357 3531 403 3568 me
424 3518 509 3583 roget
528 3529 754 3585 usquequaque,
774 3533 836 3569 non
856 3514 882 3571 si

228 3601 393 3658 Aeternam
412 3601 486 3656 mihi
504 3601 651 3673 spondeat
665 3601 834 3674 juventam.
