2498 4012
188 240 265 285 xm

243 381 259 412 ‘⁸
479 423 487 436 .
524 422 532 437 .
568 422 576 435 .
615 420 623 432 .
659 397 694 434 se
711 378 766 435 ubi
783 380 923 451 paullum

243 466 436 523 α0111111111.
459 505 466 517 .
485 508 493 521 .
515 508 523 521 .
544 481 615 521 mox
634 463 783 519 11111111
800 464 885 519 mille
902 471 1030 536 repente

243 550 332 606 “Oen
350 551 481 605 Proteus
499 566 648 604 converse
665 540 846 620 sequentem
863 548 961 603 eludit
978 554 1012 604 et
1023 548 1123 621 ungit,

192 710 344 788 peccato,
374 701 462 785 dieo,
492 701 557 767 che
583 702 611 768 il
639 704 838 768 hucestero
860 725 934 769 non
958 702 1063 770 abbia
1089 706 1163 771 mai

192 817 313 883 scritto
344 816 511 884 d'amore!
538 817 569 882 E
599 826 740 903 peccate
769 817 834 882 che
863 839 935 883 non
963 817 1067 885 abbia
1088 822 1163 887 mai

16 915 63 966 *³-
85 892 149 966 ‘i-
191 932 629 1001 mettoeumoreuviea!
646 933 852 1001 1111111110
867 933 1162 1004 vescovoenna

20 978 104 1067 ζ’*
116 981 132 1080 Ἰ
190 1048 231 1115 fu
245 1049 408 1115 cristiano
427 1048 598 1131 fervente,
621 1074 652 1133 e,
668 1071 764 1116 come
780 1049 968 1134 sacerdote,
983 1051 1098 1118 alieno
1114 1052 1161 1118 de

191 1164 308 1251 quelle
322 1163 454 1230 lieenza
469 1164 533 1230 ehe
548 1165 647 1232 isuoi
661 1165 770 1252 tempi
783 1187 973 1233 sensuveno
988 1189 1054 1233 eon
1067 1191 1159 1256 gffln

191 1279 373 1367 lerghezze
394 1304 415 1347 e
436 1281 555 1368 quegli
575 1281 674 1347 stessi
696 1279 761 1346 che
785 1280 945 1349 vestiven
959 1282 1080 1349 l’ebito
1103 1305 1158 1349 re·

192 1396 327 1482 ligioso.

260 1511 467 1596 Originelitt
489 1535 508 1577 e
526 1514 668 1581 vivezza
689 1513 726 1580 di
741 1514 945 1583 sentimenti
959 1539 979 1581 e
993 1514 1031 1581 di
1044 1514 1158 1585 forme

136 1673 139 1679 -
195 1651 268 1696 non
291 1631 460 1697 treviamo
484 1631 636 1697 soltento
651 1631 744 1696 nelle
771 1631 892 1698 liriche
919 1653 1072 1700 amorose
1098 1631 1158 1700 dei

192 1746 254 1831 piu
277 1745 470 1826 eeeellenfi,
493 1768 550 1812 me
571 1768 696 1813 encore
717 1747 756 1812 in
771 1748 887 1833 quelle
910 1746 948 1813 di
962 1747 1066 1834 poeti,
1091 1747 1158 1816 che

191 1885 263 1930 non
284 1885 428 1952 poeseno
451 1862 601 1948 aspirare
623 1861 687 1930 ehe
703 1863 747 1930 ed
764 1887 812 1930 un
827 1866 931 1949 luogo
954 1863 1157 1932 seconderio

192 1985 287 2051 nelle
308 1986 413 2052 steria
434 1984 526 2052 delle
548 1986 664 2072 poesia
685 1985 796 2052 latine
817 1983 875 2050 del
897 1985 1155 2052 rinascimente.

257 2101 315 2167 Ad
339 2103 499 2189 esempi0,
522 2102 671 2169 Pacifico
694 2101 849 2167 Messimi
871 2099 915 2166 de
930 2101 1083 2167 Aseolie
1107 2125 1158 2169 as·

190 2218 241 2284 sei
267 2216 439 2284 mediocre
462 2226 572 2305 poete,
595 2217 731 2304 quaudo
755 2227 857 2284 eunte
880 2218 1095 2304 epicemente
1119 2220 1153 2284 le

191 2333 278 2398 lotte
293 2331 330 2398 di
341 2333 458 2398 Sillae
472 2332 508 2399 di
522 2334 631 2401 Mario
644 2359 663 2400 e
675 2338 708 2400 le
720 2356 843 2422 guerre
859 2332 895 2414 di
911 2333 1000 2417 uiro,
1013 2355 1034 2399 0
1046 2339 1157 2400 trette

192 2445 419 2534 d'ergomenti
434 2448 608 2532 filosofici;
622 2472 679 2516 me
695 2452 714 2514 e
729 2450 812 2516 vivo
828 2450 955 2534 pitture
971 2447 1027 2514 dei
1042 2451 1157 2516 teneri

191 2564 316 2650 effetti,
340 2589 360 2631 e
383 2566 474 2634 delle
498 2566 635 2633 eroiehe
658 2573 819 2634 oostenze
847 2587 1000 2633 emorose
1023 2589 1042 2632 e
1066 2564 1158 2634 delle

191 2679 284 2747 delei
301 2681 456 2748 vittorie¹
473 2705 492 2748 e
506 2682 596 2749 delle
612 2682 790 2749 uffennese
803 2704 884 2748 eure
897 2707 916 2748 e
928 2681 1019 2748 delle
1035 2681 1158 2749 ineffe-

190 2796 252 2864 bili
275 2797 450 2884 ebbrezze,
473 2799 537 2864 ohe
553 2820 668 2865 amore
690 2799 741 2885 gli
763 2798 912 2864 erreea.²

256 2913 502 2982 Giambettiste
513 2915 633 3000 Pigne,
642 2913 706 2979 ehe
714 2916 904 2980 Franoeseo
914 2913 1055 2998 Spinole
1063 2913 1158 2980 ehie-

231 3138 238 3165 ¹
257 3137 298 3186 De
314 3137 424 3197 Puella,
441 3136 519 3188 nelle
535 3135 648 3202 Eleqiae
664 3135 781 3186 Joeoeae.

230 3210 285 3260 ἸΙ
308 3210 421 3263 eiraldi
437 3213 474 3263 he
488 3228 571 3263 verso
592 3210 719 3263 Peeifieo
741 3209 870 3261 Messimi
892 3210 1064 3262 un’inselite
1083 3226 1165 3264 seve-

183 3285 253 3337 rite:
270 3292 283 3317 ‘⁴
293 3287 436 3352 potuisset
449 3288 594 3352 (Peeifieo)
605 3288 637 3338 in
647 3288 746 3352 aliquo
763 3291 911 3353 poetarum
921 3303 1040 3338 numero
1051 3287 1164 3355 heberi,

186 3358 243 3413 nisi
269 3360 362 3411 foedis
379 3361 524 3413 umoribus
541 3376 642 3413 versus
660 3360 873 3427 inquinasset„
901 3361 1044 3423 Quesiehe
1059 3378 1077 3412 a
1094 3366 1165 3427 quel

184 3438 279 3499 tempe
296 3435 437 3486 e’endeeee
453 3452 504 3500 per
521 3437 549 3486 la
565 3436 664 3488 sottile
680 3451 714 3486 eu
731 3440 832 3500 queste
849 3451 914 3487 eose
927 3438 933 3487 !
945 3437 968 3484 Ε
984 3436 1164 3500 soggiunge:

187 3512 200 3539 ⁴⁶
211 3509 279 3560 Fuit
289 3509 320 3561 in
331 3509 427 3574 elegia
434 3524 526 3575 neque
534 3510 630 3562 infans
635 3526 729 3576 neque
739 3510 890 3576 elinguis„
900 3510 979 3562 Diac.
986 3509 1037 3571 cit,
1046 3511 1164 3564 001.523.
