2572 4020
301 302 438 358 Auctore
456 294 588 355 Phoebo'
600 297 742 355 carminis
761 305 794 355 et
812 298 922 370 Lyrae.

337 393 408 447 Mox
426 389 580 463 grandiori
599 407 757 460 aggressus
776 404 852 459 opus
871 389 954 457 tuba,

337 483 444 537 Dicam
462 482 673 552 pharetratum
692 480 868 552 Tyrannum

337 573 443 643 Usque
462 572 500 626 ad
512 572 726 644 Hyperboreos
744 569 894 640 fugatum.

302 661 334 718 Si
352 662 532 716 Noricorum
551 659 675 716 servitio
695 657 782 730 gravi

339 750 487 822 (Namque
507 750 604 806 omnis
622 750 654 804 in
673 755 705 804 te
724 765 793 820 spes
811 748 881 816 sita)
901 746 1055 813 vendices,

341 841 373 896 Si
390 859 446 896 nos
465 845 667 894 retractantes
685 836 837 908 benignus

338 929 478 1002 Respicis
497 928 684 1000 imperioque
704 928 820 995 firmas,-

302 1020 385 1075 Gens
403 1018 457 1072 illa
474 1017 587 1073 nostris
606 1015 723 1072 invidet
742 1015 827 1071 otiis:

337 1107 398 1162 Nos
417 1105 592 1160 indecorum
611 1104 733 1159 mittere
752 1105 808 1158 snb
827 1101 937 1175 jugum

336 1196 397 1264 (Ni,
416 1197 538 1265 Caesar,
559 1201 681 1251 avertas
700 1193 830 1261 ruinam)

337 1285 538 1341 Dissimulato
558 1285 635 1352 odio,
655 1285 803 1339 laborant.

303 1376 437 1429 Tentant
456 1373 570 1446 iniquis
591 1372 821 1429 conditionibus

337 1466 469 1518 Decreta
488 1462 636 1534 majorum
654 1467 687 1516 et
705 1467 760 1516 tua
781 1462 892 1516 dalcae.

335 1552 394 1606 Pro
412 1552 520 1618 saecla,
541 1551 758 1623 inauditaeque
778 1550 874 1619 leges,

338 1644 439 1712 Atque
458 1640 616 1696 hominum
634 1641 812 1696 truculenta
830 1639 930 1695 iacta!

302 1732 349 1787 'Pu
368 1732 502 1787 membra
520 1732 600 1788 solvi
618 1731 730 1787 nobilis
753 1732 872 1802 Imert,

337 1822 383 1877 Tu
402 1839 444 1896 ne
459 1822 538 1877 hanc
558 1827 705 1893 nepotum
723 1819 892 1892 perniciem
909 1819 1011 1875 feres?

337 1910 385 1964 Ah
403 1928 496 1967 saeva
515 1911 687 1966 contundas
706 1910 865 1965 furentum

336 1999 471 2055 Consilia
489 2007 521 2056 et
539 2000 735 2055 temerariam
755 2000 828 2057 vim.

302 2089 344 2143 Te
364 2087 530 2143 liberorum
548 2095 596 2144 tot
610 2100 755 2144 moveant
773 2105 888 2159 preces,
909 2122 912 2127 ·

337 2181 380 2236 'Pe
399 2187 473 2237 vota
492 2187 623 2253 tangant
641 2186 674 2236 et
692 2179 911 2254 querimoniae,

336 2270 396 2327 Per
413 2277 541 2342 sceptra,
561 2289 616 2343 per
634 2289 755 2326 sacrum
773 2288 933 2342 precamur

337 2361 478 2418 Caesarei
495 2362 621 2433 genium
641 2361 770 2418 decoris.

653 2675 697 2726 Π.

188 2812 252 2878 nn
276 2807 509 2877 navarra
533 2764 765 2874 caesaris
788 2807 965 2875 cancer
989 2806 1162 2886 corani

494 2917 497 2923 '
585 2911 620 2952 IN
638 2911 771 2951 maman

515 3007 548 3060 (N
551 3022 707 3061 umerorum,
724 3009 780 3053 Lib.
794 3010 820 3062 ι.)

269 3169 406 3226 Caesaris
424 3170 563 3226 adventu
588 3167 682 3222 tellus
701 3166 839 3222 subridet
858 3170 889 3220 ct
910 3181 975 3234 aer;

267 3258 411 3329 Juppitcr
429 3257 493 3328 ipse
514 3259 581 3313 dies
602 3256 745 3312 candenti
765 3257 829 3311 sole
848 3260 987 3324 serenat;

270 3347 385 3404 Vestiri
400 3352 471 3400 ante
490 3346 570 3399 diem
593 3345 723 3399 miratur
747 3343 908 3399 frondibus
927 3344 1023 3397 arbos.

266 3437 352 3490 Haec
371 3433 418 3488 illi
438 3435 604 3489 ostendunt
622 3432 766 3489 vernanti
784 3432 816 3487 in
834 3431 908 3487 flore
925 3431 1073 3504 juventae

269 3525 431 3580 Terrarum
447 3518 608 3595 imperium
626 3522 773 3595 portendi
793 3528 885 3595 atque
906 3521 1121 3592 Amphitrites,
