2498 4012
122 407 239 476 Italiae,
258 408 435 482 populisque
457 409 522 476 Dei,
544 427 600 465 nec
620 414 650 464 te
669 414 771 464 tamen
790 403 897 479 ingens

126 501 219 555 Terra
238 499 325 570 capit.
364 500 440 554 'Poto
456 499 602 570 juvenem
621 504 669 553 tot
686 497 842 568 plausibus
862 495 932 550 orbe

123 588 302 657 Exceptum,
322 592 376 641 tua
394 593 425 642 te
444 586 550 657 pietas,
570 592 626 641 tua
643 584 774 640 maxima
791 583 890 639 virtus

124 677 160 730 In
179 676 300 730 coelum
319 675 412 743 vehit,
431 681 462 730 et
480 682 580 730 terrae
599 675 651 729 dat
670 690 811 745 spernere
830 671 976 725 honores:

126 766 186 820 Dat
206 769 401 818 contemnere
422 781 494 833 opes
512 762 627 835 unique
646 760 821 816 incumbere
841 758 969 832 Olympo

124 854 169 909 Ac
189 852 264 909 solis
282 852 429 909 Divorum
450 851 547 922 epulis
568 859 600 907 et
618 857 741 906 nectare
760 849 851 923 pasci.

122 942 207 997 Haec
225 941 278 997 ubi
296 949 445 1012 perpetuo
465 940 601 996 cantavit
620 939 760 1009 carmine,
782 947 813 994 et
832 955 935 994 omnes

122 1030 318 1101 Respondent
336 1031 399 1086 late
417 1048 516 1101 rupee,
537 1035 611 1084 tunc
632 1027 768 1084 concitus
788 1033 889 1082 oestro

123 1118 271 1187 Fatidice,
289 1119 458 1190 plenusque
477 1120 551 1190 Deo,
570 1116 716 1173 Dauidica
734 1122 821 1172 vates

121 1206 189 1277 Ipse
210 1206 302 1261 etiam
319 1214 407 1277 pater
424 1207 575 1276 interpres
594 1206 717 1260 oracula
736 1204 840 1273 solvit,

121 1295 238 1366 Dignus
258 1294 398 1367 quiante
419 1311 524 1350 omnes
544 1294 691 1349 citharam
709 1298 876 1364 pertractet
896 1295 1040 1349 eburnam

122 1381 218 1448 Quam
237 1385 388 1455 quondam
407 1384 547 1456 Solymae
566 1388 710 1454 stupuere
731 1399 877 1455 arcesque
898 1381 1005 1438 Sionis.

602 1717 647 1768 ΙΙ.

549 1868 699 1936 HIEMS

497 2008 658 2061 (carminum
682 2008 749 2054 Lib.)

230 2203 234 2213 -
293 2168 344 2223 An
363 2168 516 2236 Jcnunnn
535 2169 720 2227 Barmsran
740 2170 938 2228 susanam.

190 2302 330 2375 Frigidus
349 2309 382 2358 at
400 2304 485 2360 silvis
504 2305 616 2377 Aquilo
635 2304 660 2360 si
679 2305 852 2375 increverit,
873 2311 928 2360 aut
946 2305 972 2362 si

189 2391 319 2447 Hibemi
336 2393 449 2463 pluviis
467 2394 650 2449 descendent
668 2411 684 2449 e
706 2393 837 2450 nubibus
855 2393 974 2464 imbres,

191 2481 253 2537 Nos
271 2481 382 2537 habeat
401 2483 514 2547 domne,
535 2489 566 2538 et
584 2484 682 2538 multo
699 2482 747 2537 lar
765 2483 868 2539 luceat
886 2483 966 2555 igne.

196 2568 296 2640 Upilio
315 2570 473 2641 ingentem
491 2579 545 2626 aut
563 2571 676 2642 fagum,
696 2573 746 2628 vel
765 2571 882 2628 scissile
902 2573 993 2628 robur

190 2657 335 2729 Sufficiat,
355 2665 421 2715 tum
439 2678 501 2728 vos,
522 2659 603 2714 claro
623 2660 743 2731 qnando
762 2660 832 2733 igne
850 2660 966 2730 soletis,

188 2747 339 2818 Juniperi,
357 2766 468 2804 suaves
488 2749 601 2805 circum
620 2748 789 2805 diffundere
810 2750 924 2818 odoreS,

193 2831 235 2885 Et
252 2849 314 2901 vos,
334 2831 498 2905 Palladiae,
516 2832 645 2889 flammis
662 2832 806 2906 imponat,
827 2832 935 2889 olivae.

189 2921 268 2975 Ante
288 2920 391 2976 focum
410 2921 466 2976 tibi
484 2940 596 2988 parvus
615 2922 675 2977 erit
693 2922 747 2995 qni
765 2923 861 2988 ludat,
880 2922 983 2991 Julus,

193 3009 362 3065 Blanditias
380 3009 468 3078 ferat,
489 3017 520 3065 et
538 3011 670 3066 nondum
690 3009 865 3065 constantia
883 3010 984 3066 verba.

189 3097 258 3167 Ipse
277 3099 376 3170 legam
395 3098 498 3170 magni
516 3104 617 3153 tecum
636 3104 832 3153 monumenta
850 3095 992 3152 Maronis.

188 3188 212 3243 O
231 3187 402 3245 fortunatos
421 3188 557 3256 nimium,
576 3188 602 3244 si
620 3188 684 3243 fata
703 3188 784 3259 quod
802 3187 872 3243 aevi

126 3350 140 3366 Ι
189 3276 251 3331 Nos
271 3285 382 3348 manet,
401 3279 480 3335 hanc
500 3296 561 3340 una
579 3277 720 3333 dederint
738 3279 904 3348 producere
923 3274 1034 3330 vitam!
