2498 4012
225 403 364 478 Unisque
383 411 547 462 ventorum
566 404 678 462 duellis
697 423 831 478 aequora

262 497 435 564 Metuenda,
455 515 516 553 non
534 495 642 552 Martis
661 496 748 552 dolis.

222 586 267 641 Ut
287 603 373 641 omne
394 587 491 642 telum
509 592 624 657 pereat,
645 594 680 642 ut
701 587 862 660 chalybum
882 605 980 658 genus

257 675 348 729 Haud
366 674 542 731 nominetur
560 676 697 746 amplius.

222 764 268 819 Ut
286 781 391 835 regum
410 765 554 821 avarities
573 771 605 820 et
623 763 748 820 ambitio
768 764 920 835 impotens

257 852 382 922 Sepulta
400 853 441 909 sit
460 855 517 910 sub
536 871 676 926 aequore.

222 941 356 996 Absente
377 948 417 1012 te,
437 943 490 998 vix
508 944 617 999 uberes
637 944 727 998 alunt
745 942 811 1014 agri

257 1030 430 1101 Numquam
449 1033 592 1088 colonum
612 1032 759 1088 desidem:

220 1116 385 1175 Praesente
406 1139 491 1189 vero,
510 1122 593 1177 nude
611 1138 685 1177 saxa
703 1120 756 1193 qui
776 1121 851 1176 oolit

256 1209 314 1264 Vel
332 1210 481 1267 dormiens
500 1212 587 1268 bonis
606 1210 682 1267 fluit.

221 1298 267 1352 'Pu
285 1306 372 1370 grata
390 1301 493 1366 Musis,
513 1306 548 1356 tu
568 1299 600 1354 in
617 1298 685 1355 foro
704 1301 897 1356 versantibus

254 1389 362 1445 Places
381 1396 413 1446 et
431 1391 501 1447 urbi
519 1391 681 1463 praesidere,
831 1391 834 1398 '

220 1479 266 1533 'Pu
286 1497 385 1535 meree
406 1481 608 1542 transmarina
627 1498 698 1551 opes
717 1480 894 1552 parantibus

253 1572 333 1626 Voto
353 1571 506 1628 invocaris
525 1572 656 1643 publico.

219 1660 262 1714 'Pe
281 1660 402 1727 divites,
423 1668 453 1715 te
475 1661 587 1732 ubique
606 1679 775 1732 pauperum
792 1677 899 1732 greges

253 1750 411 1806 Laboriosi
428 1752 615 1820 praedicant,

218 1838 285 1893 Tibi
303 1839 370 1905 viri,
390 1840 447 1896 tibi
465 1840 593 1912 pudicae
612 1841 757 1898 mulieres

252 1929 499 2000 Praegestientes
517 1929 702 2002 supplicant.

219 2018 276 2073 Tui
296 2038 393 2085 senes,
414 2021 462 2076 tui
481 2021 567 2092 pueri
586 2019 795 2088 amantissimi,

253 2108 309 2162 Tui
330 2108 428 2164 omnis
448 2116 534 2165 aetas
553 2116 705 2182 appetens,

219 2196 273 2262 Tu,
294 2197 394 2269 siquid
414 2205 462 2254 est
481 2199 660 2255 mortalibus
679 2198 750 2254 boni
769 2196 895 2270 uspiam,

251 2287 286 2341 Id
305 2306 366 2342 una
384 2289 472 2344 nobis
492 2306 654 2359 comparas.

216 2374 261 2429 Tu
280 2377 444 2433 sanitatem
462 2378 615 2449 gentibus
635 2395 781 2450 sacraque
801 2384 833 2433 et
852 2395 932 2450 opes,

249 2466 289 2519 Et
308 2465 428 2542 vietum
448 2473 479 2522 et
497 2485 649 2522 annonam
669 2472 701 2523 et
720 2484 845 2533 merum,

214 2553 424 2623 Securitatem,
444 2556 550 2613 literas
570 2563 601 2612 et
620 2555 726 2624 otium,

249 2643 289 2698 Et
308 2645 432 2716 nuptias
451 2651 481 2700 et
500 2645 620 2716 liberos

213 2731 376 2804 Vitamque
395 2735 518 2792 tandem
536 2735 626 2792 effers
645 2734 744 2792 amica
763 2735 913 2804 cantibus,

248 2823 385 2878 Adversa
403 2842 477 2880 vero
495 2824 639 2882 luctibus.

213 2910 272 2965 'Fui
290 2911 381 2968 simul
400 2913 481 2971 Mars
499 2915 638 2971 hauserit
657 2916 742 2985 pedis
762 2932 881 2984 sonum,

247 3000 393 3057 Facesset
412 3002 483 3059 hine
504 3004 690 3060 celerrimus.

213 3087 308 3143 Simul
326 3090 489 3162 quieseunt
507 3093 598 3159 furta,
619 3091 733 3159 caedes²
752 3092 888 3158 vulnera,

246 3178 376 3250 Strages
396 3181 512 3248 ruinae,
533 3181 682 3248 incendia,

211 3264 270 3320 Tot
288 3268 446 3338 orbitates
467 3269 634 3325 liberorum
653 3275 701 3324 tot
719 3275 833 3340 stupra,

246 3355 412 3430 Crebrique
431 3365 537 3430 raptus
556 3358 716 3431 virginum.

210 3445 273 3500 Nee
292 3447 435 3503 audietur
454 3449 583 3520 emplius
602 3449 726 3520 clangor
744 3450 836 3505 tubae
938 3517 940 3522 ι

211 3536 217 3551 ’
245 3536 334 3593 Viros
353 3537 462 3595 cientis
481 3540 519 3596 ad
537 3557 653 3606 necem,
