2498 4012
301 388 428 460 'Puoque
446 386 527 443 fessa
546 384 737 458 conquiescit
755 385 788 441 in
806 386 886 453 sinu,

246 539 251 551 ‚
305 477 405 543 Quem
424 475 466 529 mi
485 474 612 546 peperit,
632 473 800 531 identidem
817 474 946 531 luctum
964 477 1110 537 hauriat:

301 565 469 620 Identidem
489 564 543 619 illa
561 564 616 618 illa
633 563 764 629 hauriat,
783 580 839 618 seu
858 563 968 621 lucido

299 654 399 709 Fovet
416 653 536 724 liquore
556 653 698 717 membra,
719 652 782 707 sive
803 652 952 710 candidas

298 743 415 812 Manus,
434 749 468 797 et
485 760 594 797 aureas
613 740 704 796 simul
722 741 801 797 lavit
819 759 934 799 comas.

297 831 346 887 Sic
365 831 440 886 dura
459 831 561 886 forsan
582 830 701 885 molliet
720 831 899 902 praecordia

295 920 462 992 Roburque
483 919 605 975 tandem
623 920 757 991 pectoris
775 919 881 976 flectet
900 922 964 979 sui.

218 1059 226 1069 ,
295 1009 441 1063 Formosa
459 1007 564 1073 Erilis,
585 1025 709 1080 vosque,
728 1009 861 1065 muscosi
879 1028 1007 1081 specus,

298 1100 339 1153 Et
358 1116 413 1154 vos
434 1097 625 1153 comantibus
644 1098 772 1154 decorae
791 1099 921 1156 ramulis

298 1188 405 1242 Valete
425 1186 512 1254 lauri,
532 1204 609 1258 quae
630 1187 707 1242 meis
726 1186 881 1243 laboribus

295 1278 390 1348 Saepe
409 1276 541 1333 affuistis
560 1283 593 1332 et
610 1277 723 1332 doloris
737 1277 877 1333 consciae

294 1367 445 1437 Impressa
464 1364 526 1421 levi
545 1366 631 1437 signa
649 1366 739 1420 fertis
759 1366 883 1421 cortice.

294 1455 412 1511 Vestris
430 1456 463 1510 iu
481 1453 605 1521 umbris,
624 1463 726 1511 vestro
744 1455 777 1509 iu
796 1457 941 1527 amplexu
962 1459 1061 1517 miser

292 1545 360 1598 Non
379 1545 511 1614 amplius
530 1562 613 1599 meos
632 1563 752 1600 amores
772 1545 943 1619 concinam,

293 1634 320 1687 N
323 1651 356 1687 ec
376 1633 568 1688 sibilantium
586 1633 694 1688 licebit
712 1633 854 1689 arborum

292 1722 420 1792 Captare
440 1721 536 1792 frigus
555 1723 587 1776 in
608 1723 709 1777 tenaci
728 1722 872 1794 gramine,

257 1798 261 1803 ⁵
292 1812 445 1881 Gregesve
466 1813 577 1868 blanda
596 1813 733 1869 detinere
753 1814 867 1869 fistula.

291 1902 383 1954 Hunc
403 1918 459 1969 ego
478 1900 559 1954 diem
579 1901 717 1955 hauriam
736 1919 878 1973 supremo
898 1904 1036 1963 lumine:

289 1991 357 2043 Hoc
377 1989 519 2045 intuebor
537 1991 681 2045 ultimum
700 1991 773 2047 solis
791 1991 889 2048 iubar.

290 2077 359 2131 Jarn
376 2078 438 2147 jam
458 2079 606 2133 emoritur
625 2079 744 2136 animus
764 2079 847 2152 mihi,
868 2089 902 2136 et
922 2086 1082 2155 pallentia

290 2167 361 2220 Jam
378 2166 441 2237 jam
461 2185 512 2221 ora
530 2169 612 2223 dirae
633 2169 733 2240 imago
753 2170 861 2226 mortis
882 2182 1031 2245 occupat.

290 2255 388 2320 Quare
408 2273 474 2310 meo
494 2257 605 2312 donate
624 2257 697 2312 fletu
717 2265 749 2313 et
767 2258 943 2331 lachrymis

290 2345 374 2410 Vale,
395 2346 483 2401 beate
503 2346 582 2418 fone,
603 2349 699 2403 ocelle
718 2348 860 2404 fontium.
