2498 4012
183 308 250 362 Non
268 312 305 362 nt
322 310 427 361 nostra
445 321 539 360 novos
557 304 691 360 Arabum
708 303 791 360 bibat
809 320 887 359 uma
905 302 1057 376 liquores,

218 398 316 453 Ustus
334 400 367 449 et
386 393 511 466 Assyrio
529 393 625 464 spiret
644 393 734 448 odore
753 392 837 461 cinis,

183 488 247 541 Aut
265 492 303 540 ut
321 485 403 539 clara
422 483 483 539 mei
502 489 641 538 notescat
658 482 740 538 fama
758 482 900 555 sepulcri,

216 574 350 645 Altaque
369 589 557 628 marmoreus
575 571 675 628 sidera
692 576 800 644 tangat
817 588 905 642 apex,

180 663 239 718 Sed
257 662 353 734 magis
371 670 408 718 ut
426 663 519 718 liceat
537 662 643 735 longas
661 662 765 718 audire
784 662 925 734 querelas

215 753 257 807 Et
275 768 380 821 gerere
400 770 417 807 e
436 751 570 808 lacrimis
589 758 673 808 serta
690 752 787 824 rigata
805 750 877 808 tuis.

180 841 266 896 'Punc
284 859 341 912 ego
361 841 493 896 Letheae
512 840 662 911 spatiatus
681 840 714 895 in
732 857 840 912 aggere
860 840 954 913 ripae,

216 932 284 998 Qua
302 931 382 988 nitet
401 932 510 987 obtuso
529 930 644 986 lumine
663 928 742 987 falsa
759 929 831 997 (lies,

180 1022 308 1093 Quaque
328 1021 406 1076 levis
425 1020 524 1076 casiae
543 1037 650 1076 nemus
668 1020 896 1093 ambrosiaeque
915 1021 1049 1079 virentis

215 1111 256 1163 Et
273 1109 447 1164 fortunatos
467 1107 557 1163 alluit
576 1108 657 1164 unda
675 1126 792 1181 greges

179 1196 290 1253 Dulcia
308 1197 491 1268 praeteritae
512 1204 653 1267 repetens
671 1196 821 1253 insomnia
839 1197 934 1265 vitae,

213 1286 378 1341 Ostendam
397 1286 500 1356 Elysis
518 1291 567 1340 tot
585 1303 653 1342 mea
670 1285 750 1341 dona
769 1285 878 1341 choris.

179 1375 359 1446 Felicesque
378 1375 493 1430 animas
512 1374 593 1430 inter
611 1372 730 1430 felicior
749 1375 814 1447 ipsa

213 1465 371 1537 Excipiam
389 1464 515 1536 plausus
533 1465 615 1520 laeta
632 1483 686 1536 per
705 1484 777 1521 arva
795 1484 898 1523 novos.
1138 1537 1141 1544 Ι

177 1557 279 1626 Atque
298 1552 409 1626 aliquis
429 1552 574 1609 comitum
592 1554 753 1626 laetusque
770 1554 936 1628 hilarisque
952 1564 1091 1614 recentes

212 1644 339 1714 Sparget
356 1642 441 1698 humi
459 1641 550 1698 flores
569 1642 692 1698 etmihi
710 1650 792 1699 serta
809 1643 898 1700 feret.

175 1732 240 1788 Nec
261 1739 425 1788 contentus
446 1751 490 1800 eo,
510 1733 586 1788 fidos
604 1734 735 1788 extollet
754 1751 881 1800 amores,

210 1821 414 1895 Narrabitque
433 1822 502 1878 aliis
520 1822 556 1878 de
574 1822 688 1893 pietate
708 1830 772 1879 tua.

177 1913 235 1968 Sed
254 1913 397 1986 quoniam
416 1921 539 1969 tenerae
551 1919 680 1969 vernant
698 1933 781 1969 nuno
793 1914 875 1970 laeta
891 1913 1042 1986 juventae

212 2001 362 2072 Tempora
380 2008 412 2057 et
431 2003 589 2074 amplexus
605 2000 734 2074 jungere
754 2001 818 2058 fata
836 2002 952 2071 sinunt,

176 2091 286 2146 Dulcia
304 2091 420 2148 lascivo
435 2091 598 2163 jungamus
617 2091 727 2164 gaudia
746 2093 836 2160 lecto,

209 2181 275 2235 Iam
292 2186 434 2251 properat
453 2181 559 2235 mortis
577 2180 675 2252 panda
694 2187 817 2236 senecta
835 2198 945 2237 comes.

174 2269 239 2324 Iam
257 2277 422 2341 properant
439 2288 594 2342 rugaeque
612 2289 721 2342 graves
739 2277 772 2327 et
790 2271 888 2327 serior
905 2279 991 2330 aetas

209 2359 273 2415 Nec
292 2358 414 2423 dabitur
432 2361 517 2416 molli
531 2362 635 2416 ludere
654 2378 741 2433 posse
759 2361 858 2416 thoro.

173 2447 296 2503 Interea
314 2448 431 2521 cupidis
449 2456 608 2505 nectamus
628 2450 708 2505 colla
726 2449 858 2518 lacertis

208 2537 326 2593 Ultima
341 2538 404 2609 jam
422 2540 530 2609 solvet,
551 2558 646 2612 quum
664 2541 757 2607 volet,
777 2541 852 2595 hora
870 2540 953 2597 deos.

171 2626 222 2682 Dii
240 2628 342 2693 facite,
362 2629 438 2684 haec
457 2630 564 2701 longos
583 2636 704 2685 maneat
724 2647 793 2702 spes
813 2635 899 2686 certa
917 2648 973 2702 per
986 2648 1088 2697 annos,

210 2716 362 2773 Candidus
382 2725 414 2772 et
431 2717 539 2789 pennis
558 2718 659 2773 omina
676 2719 778 2774 firmet
796 2721 899 2774 Amor.

584 2951 627 3002 11.

325 3083 377 3151 IN
401 3084 621 3152 DOMINAE
644 3084 875 3152 NATALEM

496 3190 539 3228 AD
558 3188 705 3229 JUNONEM

459 3275 627 3329 (Elegiarum
645 3275 701 3322 Lib.
715 3273 751 3326 η.)

170 3429 286 3484 Junoni
305 3430 351 3485 fer
369 3450 462 3501 sacra,
482 3451 577 3490 novas
595 3435 671 3505 legeq
691 3436 786 3502 Musa,
808 3453 950 3492 coronas:

204 3518 321 3574 Natalis
340 3521 478 3578 dominae
493 3524 557 3595 jam
575 3524 649 3579 mihi
666 3523 765 3579 festus
785 3524 880 3582 adest.
