2498 4012
587 345 639 397 IV.

227 491 455 560 LUDOVIOI
477 490 682 562 AREOSTI
704 497 1008 566 EPITAPHIUM

469 636 635 690 (carminum,
652 637 708 684 Lib.
722 638 758 692 ιι.)

255 808 405 864 Ludoviei
422 810 545 866 Areosti
563 811 729 867 humantur
747 831 823 880 osse,

252 897 313 952 Sub
331 897 389 954 hoe
408 916 565 967 marmore,
585 918 640 956 seu
658 890 714 958 sub
732 903 789 958 hae
808 903 907 971 humo,
928 920 984 959 seu

252 987 313 1042 Sub
334 987 479 1060 quidquid
498 990 597 1046 voluit
616 991 762 1064 benignus
780 993 875 1060 beree,

252 1074 321 1131 Sive
340 1076 452 1132 herede
471 1079 630 1151 benignior
649 1098 759 1150 comes,
778 1081 843 1138 sive

252 1167 460 1239 Opportunius
479 1170 617 1227 incidens
636 1172 744 1228 viator.

249 1258 327 1314 Nam
345 1259 423 1315 seire
440 1261 522 1316 hand
540 1261 641 1332 potuit
657 1261 773 1318 futura.
794 1263 852 1318 Sed
870 1281 927 1320 nee

252 1348 344 1404 'Panti
362 1357 427 1405 erat
445 1369 576 1407 vacuum
594 1351 653 1407 sibi
671 1353 807 1418 cadaver,

250 1442 295 1499 Ut
312 1460 420 1498 urnam
442 1449 566 1516 cuperet
583 1464 688 1517 parere
707 1446 822 1502 vivens.

251 1532 366 1588 Vivens
385 1532 445 1588 ista
464 1539 567 1589 tamen
586 1534 644 1590 sibi
661 1535 790 1607 paravit,
808 1526 810 1529 ¹

252 1619 333 1686 Quae
353 1610 479 1677 inscribi
496 1622 598 1679 voluit
616 1642 670 1680 suo
690 1623 839 1695 sepulcro,

253 1710 344 1780 (Olim
363 1711 390 1766 si
408 1712 487 1783 quod
505 1713 632 1768 haberet
651 1714 677 1769 is
695 1712 882 1784 sepulerum)

251 1799 295 1854 Ne
316 1818 386 1855 eum
403 1801 528 1872 spiritus
547 1802 622 1857 exili
641 1809 764 1874 peraeto

249 1888 434 1961 Praeseripti
452 1891 558 1962 spatio,
578 1891 717 1947 misellus
736 1898 821 1947 artus

250 1978 332 2045 Quos
351 1997 437 2051 aegre
458 1989 527 2037 ante
547 1981 715 2054 reliquerit,
735 1987 881 2052 reposcet,

248 2069 314 2124 Hae
334 2075 364 2124 et
382 2070 439 2125 hae
457 2071 590 2126 cinerem
608 2071 689 2125 hune
710 2077 741 2125 et
759 2070 840 2126 hunc
859 2072 1020 2138 revellens,

249 2160 329 2213 Dum
347 2165 454 2215 noscat
471 2160 634 2232 proprium,
654 2178 748 2231 vagus
767 2167 914 2232 pererret.

159 2335 260 2380 Seritto
274 2339 320 2380 tre
333 2335 355 2380 il
370 2337 421 2382 1501
436 2351 449 2382 e
466 2337 488 2381 il
502 2337 565 2382 1503.

588 2648 624 2699 v.

492 2781 555 2845 DE
577 2781 727 2848 LYDIA

468 2919 636 2975 (Geminum,
652 2921 708 2966 Lib.
723 2922 750 2974 ι.)

140 3098 226 3152 Haeo
246 3103 328 3153 certe
348 3095 441 3168 lepidi
460 3103 532 3152 sunt
551 3097 649 3169 Regis
666 3096 793 3164 moenie,
814 3114 891 3168 quae
910 3096 954 3151 sie

175 3187 270 3242 Grata
288 3185 362 3241 mihi
380 3204 492 3257 paueos
511 3193 582 3241 ante
601 3185 687 3241 fuere
708 3185 781 3252 dies,

139 3274 237 3347 Lydia
255 3275 326 3329 dum
345 3275 460 3347 patrios
481 3275 596 3329 toleret
615 3274 746 3329 formose
764 3280 898 3346 penates

175 3362 329 3419 Redderet
349 3369 381 3419 et
397 3364 495 3418 forme
515 3368 625 3418 ennete
643 3381 750 3418 serena
769 3381 831 3419 sua.

137 3452 228 3509 Nune
246 3461 282 3510 ut
301 3455 338 3509 ab
357 3451 419 3508 illis
437 3452 611 3508 immutata!
631 3453 703 3525 quid
722 3453 804 3507 illius
823 3452 908 3520 eheu,

175 3541 264 3603 Illius
282 3548 386 3599 amota
402 3542 478 3611 luee,
498 3540 616 3597 decoris
635 3540 763 3598 habeut?
