2498 4012
558 426 602 476 11.
623 386 626 394 ยน

407 566 546 671 vira
578 571 742 638 surus
776 561 813 623 แผ

456 701 620 756 (carminum
634 706 701 760 Lib.)

140 864 186 919 Sit
204 863 279 918 mihi
297 881 376 936 quae
395 864 494 919 niteat
512 865 619 921 domus
638 873 669 921 et
688 866 741 939 qui
759 866 868 923 floreat
887 868 1002 937 herine,

177 953 364 1026 Conditaque
385 953 503 1024 exiguis
521 955 594 1011 vina
613 956 744 1011 Falerna
757 956 848 1013 cadis.

142 1045 183 1099 Et
200 1044 277 1115 dape
295 1062 357 1099 non
376 1051 479 1114 empta
497 1062 617 1100 mecum
637 1050 802 1101 contentus
822 1045 946 1114 amicae,

176 1135 329 1190 Laudibus
349 1136 478 1190 extollat
496 1134 579 1190 faeta
597 1140 722 1191 vetusta
740 1153 844 1192 senex.

141 1225 272 1280 Lumina
289 1243 352 1279 non
364 1231 499 1296 unquam
513 1224 625 1280 condat
637 1222 712 1279 mihi
731 1242 856 1282 somnus
877 1226 915 1282 ad
927 1224 1038 1298 ignem,

175 1318 255 1370 Dum
273 1331 362 1369 verso
381 1313 472 1385 patrii
490 1314 590 1369 nobile
610 1313 691 1370 vatis
710 1332 794 1386 opus.

139 1403 235 1474 Inque
254 1402 324 1458 sinu
342 1402 460 1471 quena,
479 1401 593 1457 teneris
612 1401 687 1456 mihi
706 1403 787 1458 eolla
804 1403 933 1460 lacertis

174 1492 325 1563 Impliaet,
345 1509 380 1546 aa
399 1490 475 1547 libet
494 1491 639 1562 parvulus
659 1509 712 1545 ora
729 1509 837 1562 nepos:

139 1580 257 1651 Datque
278 1580 353 1635 mihi
371 1580 507 1652 requiem
525 1579 684 1636 nocturnis
703 1580 837 1637 lectulus
857 1581 950 1651 haria,

173 1671 214 1724 Et
232 1669 367 1725 volucris
385 1668 485 1724 laetos
503 1669 568 1724 sole
588 1669 705 1724 oriente
726 1671 839 1725 modos.

139 1759 220 1813 Hine
239 1759 338 1829 fugiat
355 1759 478 1813 morbus
497 1759 584 1813 nulla
602 1757 747 1814 sanabilis
766 1766 840 1827 arte,

175 1848 221 1903 Sit
239 1849 325 1903 dolor
343 1847 415 1902 hina
434 1847 550 1914 lateris,
570 1847 611 1903 sit
630 1865 751 1920 quoque
772 1867 846 1904 aura
865 1851 978 1920 procul.

138 1937 202 1990 Nea
221 1935 294 1990 mihi
313 1953 398 1990 mens
417 1953 552 2008 unquam
570 1936 750 2006 languescat
769 1938 892 1993 aonsaia
909 1937 995 2006 reati,

173 2025 266 2082 Vivat
286 2031 318 2079 et
334 2031 494 2079 aeternum
512 2025 628 2079 firmior
647 2027 727 2080 alma
745 2027 828 2092 fidae,

138 2113 184 2168 Sit
202 2120 250 2169 tot
268 2115 349 2169 dona
367 2114 435 2170 seni
452 2098 578 2170 dederit'
588 2114 662 2169 mihi
681 2123 783 2172 rector
802 2116 923 2190 Olympi

173 2206 329 2276 Optandae
347 2203 449 2275 magni
467 2221 529 2259 non
547 2204 622 2258 mihi
639 2204 719 2277 regis
738 2224 819 2278 opes.
