2498 4012
1011 265 1062 322 137

145 361 213 421 Non
232 383 286 438 ego
303 381 358 423 vos
376 365 512 438 posthac,
532 386 594 424 non
613 365 743 440 emplius
763 387 815 424 ora
833 369 942 427 videbo

144 454 232 525 Cara,
251 456 344 511 semel
362 459 472 514 saltem
492 458 530 513 ah
549 457 689 513 licuisset
707 463 872 528 utrumque
891 460 973 516 tueri

145 546 224 600 Ante
245 545 346 602 obitus
364 555 528 618 vestraque
548 547 654 602 oculos
673 552 810 603 saturare
830 548 935 620 figura,

146 636 376 708 Congressuque
394 637 456 692 frui
472 636 592 709 farique
610 636 775 692 novissima
793 639 893 693 verba.

144 724 191 779 Ah
210 725 310 781 dolor!
331 726 369 779 ah
387 725 502 796 pietas!
523 743 585 780 non
603 724 681 781 flens
701 726 866 781 morientia
883 727 980 798 pressi

144 814 291 868 Lumina:
309 814 472 870 funereum
491 832 551 871 non
571 833 640 872 sum
660 815 825 870 comitatus
843 816 989 871 honorem

145 903 213 956 Non
231 902 319 973 potui
336 910 437 958 vestro
455 903 541 959 vobis
561 902 592 957 in
613 909 748 973 tempore
769 902 874 959 adesse

145 991 257 1046 Gratus
277 992 346 1048 luce
365 993 468 1065 magis,
490 993 555 1048 vita
569 992 735 1063 jucundior
752 992 825 1063 ipsa.

144 1080 212 1134 Non
230 1082 317 1151 potui
335 1081 422 1137 vobis
440 1081 615 1152 spectabilis
634 1079 784 1136 affulsisse

146 1170 247 1235 Quum
266 1171 347 1242 mihi,
368 1178 486 1227 mutato
507 1190 606 1242 cursu,
633 1171 758 1227 fortuna
777 1172 896 1228 veniret

147 1260 279 1325 Laetior,
299 1266 331 1315 et
349 1279 505 1332 nunquam
525 1266 646 1332 optatos
665 1259 787 1316 afferret
804 1261 942 1328 honorae,

146 1348 229 1413 Quos
249 1348 309 1403 adii
328 1349 424 1404 vestri
442 1356 565 1405 tantum
585 1366 707 1418 memor,
726 1349 807 1404 haud
826 1350 900 1404 mihi
918 1367 1044 1421 parcens

145 1438 201 1493 Oui
219 1438 362 1508 placitam
381 1438 477 1493 Musis
496 1437 599 1509 potius
618 1439 781 1493 traducere
800 1438 896 1493 vitam

143 1524 254 1578 Fixum
268 1531 340 1590 erat,
357 1531 447 1596 atque
461 1524 610 1579 humilem
625 1543 728 1579 rerum
742 1525 821 1581 altas
832 1525 948 1581 discere
959 1543 1081 1581 caussas

146 1613 236 1668 Vobis
256 1613 437 1684 conspicuos
455 1614 525 1668 unis
547 1614 703 1684 ingressus
722 1614 853 1669 honores

143 1703 277 1757 Subdere
297 1702 375 1757 colla
390 1702 464 1774 jugo
484 1703 572 1773 potui
592 1703 669 1757 male
692 1709 780 1758 sueta
797 1721 965 1775 manusque

144 1790 253 1846 Victus
272 1803 378 1861 sponte
400 1790 477 1855 dedi,
497 1790 577 1844 haud
598 1807 675 1846 onus
694 1798 852 1846 aversatus
871 1791 1018 1862 iniquum,

144 1880 229 1945 Quae
249 1878 323 1933 mihi
342 1887 453 1933 cuncta
473 1879 545 1932 olim
563 1877 631 1945 (tibi
652 1878 733 1933 enim
760 1879 940 1935 commercia
958 1879 1082 1946 Divfiml

143 1967 297 2023 Praedixti
316 1967 416 2032 toties,
436 1966 562 2022 venturi
582 1967 718 2037 praescia
737 1973 842 2022 mater.

142 2058 204 2111 Vos
224 2074 299 2111 unos
318 2057 470 2128 agitabam
490 2057 603 2123 animo,
624 2063 786 2128 vestraque
806 2056 930 2113 fruebar

142 2146 276 2201 Laetitia
294 2147 445 2212 exultans,
469 2153 500 2202 et
518 2145 629 2217 gaudia
648 2153 751 2202 vestra
773 2147 918 2219 fovebam,

142 2235 264 2289 Mecum
282 2235 382 2291 animo
402 2254 537 2303 versane,
557 2254 645 2307 quam
664 2235 753 2292 vobis
773 2235 827 2290 illa
845 2235 952 2291 futura

142 2327 239 2380 Laeta
257 2325 322 2381 dies
341 2345 402 2398 qua
422 2344 469 2381 me
489 2325 599 2382 vestris
619 2327 809 2397 amplexibus
828 2343 941 2396 urgens

142 2416 295 2470 Irrucrem
314 2415 494 2486 improvisus
515 2416 553 2470 ad
573 2416 686 2482 oscula,
706 2415 760 2471 vix
780 2416 856 2470 bene
875 2415 998 2487 utrique

141 2502 279 2574 Agnitus,
299 2503 431 2559 insolitis
450 2503 552 2559 titulis
573 2509 604 2560 et
622 2504 788 2560 honoribus
807 2511 917 2559 auctus

142 2592 266 2648 Scilicet
284 2600 317 2648 et
335 2593 425 2665 longo
445 2594 573 2648 tandem
591 2600 660 2664 post
679 2600 817 2663 tempore
837 2593 929 2660 visne,

141 2685 222 2738 Dum
239 2681 341 2738 tenuit
359 2699 406 2736 me
425 2683 531 2749 Roma,
551 2683 660 2738 humili
679 2701 735 2738 vos
754 2683 824 2738 sede
846 2684 1000 2738 Cremona.

141 2774 211 2828 Una
230 2786 295 2828 erat
313 2773 388 2828 haec
407 2790 521 2829 merces
541 2780 697 2828 tantorum
715 2773 806 2844 digna
824 2774 970 2829 laborum.

139 2863 224 2917 Mens
244 2869 309 2917 erat
327 2861 359 2916 in
377 2862 503 2933 gremiis
522 2861 624 2917 studio
643 2862 746 2933 jacere
767 2861 868 2916 omnia
887 2862 998 2917 vestris

138 2950 231 3004 Parta
250 2968 325 3016 meo,
347 2956 379 3004 et
398 2957 521 3005 tantum
540 2960 660 3006 vestros
682 2967 834 3021 exponere
854 2950 885 3003 in
904 2966 978 3004 usus

140 3040 185 3096 Ut
202 3039 305 3095 fuerat
323 3058 383 3111 par,
403 3057 458 3096 vos
479 3041 575 3096 claras
595 3057 642 3094 me
664 3039 785 3094 scilicet
803 3046 883 3092 artes

141 3128 187 3182 Re
203 3126 277 3182 licet
295 3136 425 3199 angusta
443 3128 543 3198 potius
563 3127 704 3183 voluistis
724 3126 806 3181 adire

141 3216 240 3281 Quam
257 3234 368 3286 genere
388 3217 520 3288 indignis
539 3216 649 3272 studiis
668 3216 843 3271 incumbere
862 3222 975 3270 nostro.
1051 3237 1063 3250 κ

142 3304 242 3373 Atque
261 3304 328 3359 ideo
347 3306 452 3360 doctas
471 3305 600 3359 docilem
619 3303 745 3358 misistis
765 3303 802 3358 ad
820 3304 919 3374 urbes,

142 3392 288 3457 Quamvis
306 3393 338 3448 in
356 3394 470 3449 nostris
489 3394 613 3448 lusisset
631 3393 750 3449 lubrica
767 3395 858 3448 rebus

141 3481 160 3535 J
164 3481 326 3550 ampridem
344 3481 477 3549 fortuna,
498 3490 529 3537 et
548 3501 620 3553 opes
639 3484 784 3538 vertisset
803 3483 907 3548 avitas,

141 3570 182 3624 Et
201 3587 249 3625 res
268 3570 350 3626 fluxa
369 3571 444 3627 alias
463 3571 564 3641 potius
583 3577 743 3628 revocaret
761 3571 798 3626 ad
817 3578 905 3625 artes.
