2498 4012
290 377 358 432 Non
378 375 409 432 in
428 378 592 434 sarmatico
612 378 683 435 sinu

324 467 504 523 consistunt
522 469 623 538 gelido
642 468 768 524 flumina
786 469 920 542 frigore.

288 557 335 611 En
354 556 471 624 spirant
490 557 625 630 Zephyri
643 559 737 625 leves,

323 647 370 699 En
391 645 492 702 rident
510 647 603 703 variis
623 647 756 719 undique
775 647 910 706 floribus

291 734 412 805 Campi:
433 753 479 801 en,
500 737 572 791 dum
590 737 721 792 redeunt
740 755 822 804 aves,

323 824 478 879 Ornantur
497 825 607 880 viduae
625 824 786 881 frondibus
804 829 949 898 Aesculi,

290 914 330 967 Et
346 912 473 983 junctus
493 913 622 969 Veneris
642 933 717 986 puer

323 1004 471 1058 Laetatur
491 1004 616 1060 choreas
635 1005 746 1061 ducere
765 1006 895 1063 Gratiis.

291 1091 346 1163 Tu,
366 1092 506 1164 Corrade,
525 1099 628 1148 tamen
647 1093 695 1149 tui

322 1180 385 1235 Nec
404 1181 492 1253 ponis
511 1182 606 1238 studii
624 1183 758 1255 pondera
777 1185 916 1254 maximi,

292 1272 355 1326 Nec
375 1271 440 1327 vita
453 1272 581 1344 cupidus
600 1272 662 1327 frui

327 1359 422 1416 Curae
441 1378 478 1415 ex
497 1361 597 1416 animo
617 1362 731 1433 pellere
752 1363 884 1434 cogitas;

289 1450 347 1505 Sed
367 1465 489 1521 semper
508 1468 560 1506 cor
578 1452 674 1506 edunt
693 1451 749 1505 tibi

322 1540 478 1594 Mordaces
498 1539 627 1596 nimium
646 1540 886 1612 sollicitudines;

286 1629 344 1683 Sed
363 1629 512 1684 desiderio
532 1629 627 1700 magis

322 1717 467 1773 Discendi
485 1717 625 1785 afficeris,
645 1719 764 1774 doctior
783 1717 814 1772 in
832 1719 913 1776 dies·

289 1808 372 1874 Quot
391 1809 499 1864 Martis
519 1809 663 1880 populum
681 1808 755 1864 feris
828 1828 835 1842 ·

326 1898 423 1953 Poeni
442 1898 592 1954 militibus
611 1905 731 1954 vertere
751 1896 892 1954 funditus

292 1987 455 2042 Tentarint
474 1988 603 2058 quotics
623 1988 733 2060 quibus

325 2078 399 2132 Illos
418 2077 575 2148 Scipiadae
594 2079 720 2148 perdere
742 2075 872 2149 praeliis,

287 2168 327 2220 Et
344 2183 473 2238 quorum
492 2166 587 2222 validi
604 2185 697 2221 manu

322 2253 430 2308 'Putari
449 2253 586 2324 patriam,
606 2254 710 2309 desine
729 2271 886 2326 quaerere.

286 2343 375 2397 Nunc
394 2342 461 2398 Chii
480 2343 595 2400 veteris
614 2345 688 2399 cado

320 2433 493 2488 Potandum
511 2433 611 2489 medio
630 2435 666 2489 de
686 2435 735 2490 die
756 2431 885 2501 amabili,

287 2523 474 2594 Spargentur
491 2529 540 2578 ter
557 2523 643 2578 humi
662 2541 756 2593 rosae,

321 2611 477 2666 Tellurem
496 2612 616 2684 quatias
635 2618 685 2668 ter
702 2612 778 2684 pede
796 2611 905 2668 libero.

285 2701 333 2756 Ad
352 2701 516 2756 testudinis
535 2719 644 2757 aureae

320 2789 446 2857 Nema,
467 2791 689 2861 Melpomenem
707 2791 808 2846 dicere
828 2796 859 2846 te
876 2791 983 2862 juvet.

286 2879 374 2946 Quod
395 2879 476 2934 curis
496 2898 548 2934 cor
569 2880 711 2936 edacibus

320 2971 352 3026 Si
370 2972 479 3038 nutris
499 2990 555 3026 nec
575 2990 625 3026 eas
643 2971 770 3043 dissipet
787 2969 892 3042 Evina,

284 3063 346 3116 Nec
365 3062 472 3116 dulces
492 3062 635 3133 cytharae
654 3061 743 3127 modi,

319 3151 483 3207 Commixti
502 3150 583 3206 rosei
602 3152 681 3207 ruris
701 3150 870 3206 anoribus:

285 3240 343 3293 Ast
362 3239 431 3294 illas
450 3239 555 3295 foveat
575 3241 667 3295 Chloe

320 3328 448 3382 Mellitis
469 3330 566 3385 oculis
585 3329 715 3402 igneque
735 3336 851 3385 mutuo.

286 3415 335 3468 Me
354 3433 427 3470 vero
446 3416 564 3472 facibus
583 3418 646 3473 suis

321 3500 388 3558 Non
407 3504 504 3559 saevis
524 3504 630 3561 itidem
643 3504 760 3575 Lygida
778 3510 905 3565 torreat.
