2498 4012
193 402 196 407 ’
289 380 412 451 Spirent
431 379 541 448 omnia,
563 397 623 450 que
643 395 759 432 comem
778 373 918 444 reflectit,

288 469 456 539 splendent
475 468 577 523 omnia
596 486 656 539 que
668 466 801 522 reflectit
820 483 878 519 oro„

291 559 374 614 'Palis
393 576 453 630 quo
471 557 579 614 niveos
597 557 689 628 pedes
706 555 834 621 ferebas,

289 651 330 704 Et
349 665 409 720 qua
427 646 637 719 splendidulos
656 663 762 702 moves
781 645 902 709 ocellos,

288 738 329 791 Et
348 753 409 808 qua
426 754 481 807 per
499 754 631 792 vacuum
649 734 784 790 reflectis
803 750 863 800 ore,

289 810 428 897 Spirubas
448 826 574 897 Cyprios
593 831 722 897 tuosque
743 824 858 888 odores,

288 915 432 970 Stillabas
452 915 574 989 Syrium
592 920 624 969 et
642 921 731 969 tuum
748 914 899 992 liquorem

287 1005 452 1077 Omnisque
471 1003 659 1060 Ambrosiam
679 1003 813 1075 refragat
831 1017 911 1057 aura.
932 1059 935 1064 ,

288 1095 395 1161 Qualis
413 1095 449 1149 de
463 1112 569 1150 croceo
589 1102 656 1150 toro
675 1110 837 1165 resurgens

288 1187 378 1240 Mane
397 1187 517 1240 Aurora
535 1184 637 1255 nigras
656 1184 778 1255 repellit
796 1183 926 1246 umbros,

289 1274 365 1329 Cum
384 1275 485 1329 lucem
504 1273 596 1329 simul
616 1281 648 1329 et
665 1273 745 1329 diem
763 1279 919 1344 reportans

291 1366 407 1419 Irrorat
427 1371 549 1419 teneros
568 1363 700 1435 benigne
717 1363 817 1430 flores,

294 1455 335 1507 Et
354 1454 470 1524 spargit
489 1452 591 1509 varios
609 1453 693 1507 humi
714 1455 836 1522 colores3

292 1542 407 1598 Rident
425 1549 519 1615 prete,
540 1549 714 1616 eenuntque
734 1546 982 1613 murmurantque

289 1632 329 1686 Et
348 1633 450 1688 fontes
470 1635 671 1706 volucresque
691 1634 872 1706 ramulique;

290 1721 372 1778 'Palis
391 1722 429 1777 de
448 1722 583 1777 thalamo
602 1730 718 1790 vocate,
739 1723 859 1795 quando

287 1810 335 1866 Ad
353 1811 460 1867 molles
479 1812 604 1884 thyesos
623 1812 711 1868 venis
731 1811 873 1884 canisque

287 1899 382 1953 Pellis
402 1900 553 1965 tristitias,
574 1907 684 1966 metue,
704 1901 831 1967 dolores,

287 1989 388 2056 Rixes,
407 2008 571 2057 murmura,
591 1990 729 2046 turbidos
748 1990 907 2066 tumultus,

287 2080 424 2134 Irrorcns
442 2079 552 2134 animis
570 2080 715 2152 quietem,
736 2097 861 2146 amores,

288 2168 399 2242 Ludos,
418 2170 565 2238 laetitias,
582 2171 675 2242 jocos,
694 2170 821 2242 lepores

287 2257 393 2324 Lusus,
414 2260 532 2329 gaudia,
555 2260 773 2332 candidumque
793 2275 896 2331 pacem

288 2348 328 2402 Et
347 2349 462 2420 spargis
482 2367 610 2406 veneres
630 2350 861 2424 cupidinesque:

287 2436 406 2493 Ridunt
424 2440 533 2506 omnia,
553 2447 586 2495 et
604 2457 706 2496 aerem
724 2459 855 2507 serenas,

288 2526 328 2580 Et
347 2527 400 2598 qui
418 2534 450 2583 te
469 2529 588 2586 iuvenis
607 2530 693 2595 vidit,
713 2548 874 2603 senexque,

287 2615 327 2671 Et
345 2635 423 2688 quae
442 2619 583 2687 faemina,
603 2638 658 2676 seu
677 2621 763 2677 videt
780 2621 890 2692 puello,

287 2705 432 2776 Optatum
449 2709 579 2781 cupiunt
596 2710 654 2765 tibi
672 2711 830 2777 meritum,'

287 2798 406 2854 Felices
425 2800 482 2855 tibi
501 2800 627 2871 nuptias
645 2810 818 2873 precentur.

183 2964 186 2968 ι
286 2887 379 2956 Tunc,
399 2897 435 2945 ut
453 2891 490 2946 de
510 2893 598 2947 tenui
617 2893 698 2948 solet
715 2892 823 2948 favilla

286 2976 431 3035 Crescens
450 2979 604 3052 igniculus
623 2981 726 3038 focum
745 2986 871 3053 repente

284 3068 430 3124 Flammis
450 3069 600 3142 corripere
622 3071 773 3145 aridisque
792 3069 885 3142 lignis

287 3157 508 3231 Quodcumque
529 3161 653 3235 adjicies
673 3162 737 3218 edit
754 3167 918 3232 voratque;

285 3245 332 3299 Sic
351 3264 398 3300 me
418 3248 456 3302 de
475 3248 562 3303 tenui
581 3247 657 3304 levis
676 3247 783 3304 favilla

285 3334 458 3405 Conceptus
479 3339 561 3393 calor
579 3344 612 3393 et
630 3337 726 3409 nigris
746 3336 860 3404 ocellis

286 3422 370 3479 Imas
389 3425 535 3497 corripuit
553 3444 662 3482 vorens
681 3426 842 3491 medullas

285 3511 403 3567 Urebat
421 3531 527 3569 roseus
544 3533 599 3585 per
617 3532 669 3568 ora
687 3516 795 3587 fulgor,

292 3602 409 3658 Urebat
428 3602 537 3659 niveus
556 3622 610 3673 per
628 3622 681 3658 ore
700 3604 820 3672 candor,
