2498 4012
1034 226 1070 286 89

555 356 609 415 IV.

140 491 300 561 LUDUS
322 493 632 562 NYMPHARUM
647 495 779 563 NIVIS
803 496 1028 562 TEMPORE

459 635 627 689 (Uerminam,
644 635 700 680 Lib.
715 635 761 689 ιιι.)

115 795 217 866 Nuper
235 795 431 868 hyperboreis
450 795 552 866 aquilo
571 795 607 852 de
627 796 766 853 cautibus
785 796 910 854 haustas

148 885 266 956 Irriguo
285 886 349 939 late
368 891 521 955 sparserat
542 903 592 941 ore
615 886 710 942 nivea

114 974 246 1030 Horrida
263 975 422 1030 nocturnis
443 977 572 1031 canebat
593 981 677 1031 terra
696 977 822 1047 pruinis

150 1065 280 1119 Flumen
299 1064 451 1120 concretis
471 1082 559 1119 omne
579 1065 699 1137 rigebat
718 1068 813 1141 aquis,

114 1154 215 1224 Atque
233 1152 360 1207 astricta
379 1153 451 1224 gelu
470 1152 605 1208 labentia
625 1154 740 1210 vellera
761 1157 845 1212 coelo

151 1240 318 1298 Sublustris
338 1242 454 1297 circum
474 1260 565 1297 causa
582 1242 692 1298 nitoris
711 1250 805 1300 erant.

115 1332 182 1387 Hoc
201 1331 295 1402 igitur
314 1332 423 1387 blando
444 1333 573 1388 candore
594 1333 707 1388 allecta
725 1336 881 1404 Melaenis,

149 1423 228 1487 Huc,
247 1421 357 1495 inquit,
377 1423 514 1495 comitae,
533 1424 602 1490 huc,
623 1424 758 1492 Galatea,
778 1444 863 1482 voca.

116 1512 185 1565 Huc
204 1511 295 1581 agite,
316 1529 333 1566 o
353 1512 513 1583 nymphae,
533 1529 588 1566 seu
607 1518 716 1583 stagna
733 1511 884 1582 liquentia
904 1532 1001 1582 curae,

151 1603 209 1657 Seu
228 1619 314 1673 mage
336 1602 464 1657 furtivis
483 1602 566 1656 culta
583 1600 696 1657 fovetis
715 1601 810 1673 aquia,

116 1692 194 1765 Huc,
213 1692 364 1764 nymphae
383 1691 528 1757 Aonides,
549 1708 688 1762 quaeque
708 1689 789 1745 inter
807 1692 904 1747 lustra
922 1691 1056 1749 ferarum

150 1780 344 1852 Montivagae
365 1780 467 1836 colitis
486 1780 600 1834 innuba
619 1778 704 1850 signa
722 1783 814 1849 Deae,

116 1869 153 1924 In
171 1887 332 1925 numerum
350 1870 505 1942 hybernas
521 1870 611 1942 juvat
631 1887 775 1925 exercere
794 1871 970 1940 palaestras

150 1961 191 2014 Et
209 1959 281 2016 nive
300 1958 442 2015 suffartas
463 1957 656 2014 conseruisse
676 1977 794 2015 manua.

115 2050 200 2105 Haec
217 2050 270 2106 vix
288 2048 362 2112 fata,
381 2050 491 2122 etjam
511 2049 657 2122 linquunt
675 2053 796 2121 spelaea
815 2052 943 2125 Napeae,

149 2142 324 2195 Decurrunt
342 2139 470 2196 Driades
489 2140 680 2212 Naiadesque
696 2141 788 2212 jugis.

114 2228 341 2300 Liquentesque
360 2230 465 2300 globos
485 2231 648 2285 volucrem
666 2232 856 2288 meditantur
874 2233 906 2288 in
925 2235 1036 2301 orbem,

150 2319 191 2372 Et
211 2327 368 2388 compacta
386 2319 458 2390 gelu
476 2319 617 2389 protinus
638 2339 721 2375 arma
740 2328 857 2392 parant.

115 2409 213 2480 Inque
232 2407 329 2463 vicem
349 2408 505 2479 Nymphae
526 2409 643 2479 gelidos
662 2409 821 2466 luctantur
839 2411 871 2466 in
890 2412 979 2480 ictus,

149 2498 268 2567 Perque
287 2496 372 2553 sinus
390 2497 499 2553 fluidos
518 2498 638 2554 lubrica
657 2501 721 2554 tela
740 2503 863 2558 cadunt.

117 2586 226 2658 Tespia
243 2586 389 2644 florentes
407 2606 494 2644 suras
514 2588 638 2644 evincta
656 2595 784 2646 coturno

151 2676 300 2732 Concreto
319 2676 468 2748 Aegeriae
486 2677 618 2749 perculit
636 2679 732 2734 imbre
751 2695 853 2749 genas,

115 2766 341 2839 Percussaeque
358 2784 454 2838 genae
472 2769 593 2823 dulcem
612 2775 733 2823 traxere
752 2768 901 2836 ruborem,

150 2855 274 2912 Scilicet
293 2857 325 2911 in
344 2857 435 2913 niveo
455 2856 524 2928 plus
542 2863 632 2912 decet
651 2875 702 2912 ore
721 2858 821 2912 rubor.

115 2947 194 3003 Tum
213 2965 285 3003 vero
304 2947 448 3019 Aegeria:
469 2949 537 3003 Non
555 2949 612 3004 hoc
632 2948 757 3018 impune
776 2947 919 3014 feremus,

152 3035 247 3105 Dixit,
266 3043 299 3092 et
317 3036 444 3093 ultrices
464 3036 564 3093 tendit
584 3037 616 3093 in
636 3056 689 3093 ora
707 3053 825 3091 manus.

117 3125 228 3197 'Pespia
246 3127 299 3182 sed
317 3127 440 3199 fugiens
459 3123 517 3180 sibi
537 3143 597 3197 quo
616 3141 697 3180 nova
715 3123 779 3177 tela
797 3125 927 3191 pararet,

152 3215 280 3273 Labitur
298 3221 329 3271 et
347 3215 460 3288 retegit
477 3215 588 3283 nobile,
608 3215 700 3284 lapsa,
720 3211 832 3266 femur.

116 3307 266 3364 Riserunt
284 3306 442 3379 nymphae,
461 3305 530 3361 risit
548 3321 655 3359 nemus
675 3317 762 3356 omne
780 3298 992 3371 propinquum,

150 3395 294 3467 Assurgit
313 3394 405 3451 celeri
422 3393 565 3467 protinus
584 3392 638 3447 illa
656 3389 741 3462 pede.

115 3487 194 3543 'Pum
214 3484 410 3541 festinantem
429 3486 525 3544 moles
544 3483 712 3555 glomerare
732 3477 864 3545 nivosas,

151 3575 314 3648 Aegeriam
331 3573 436 3647 rapida
455 3573 570 3648 Cyrrha
589 3573 708 3625 morata
727 3584 819 3623 manu
838 3571 899 3638 est;
