2498 4012
244 382 337 437 Nulla
355 381 467 454 injuria
485 381 575 448 faeta,
595 382 680 436 nulla
699 380 785 436 vobis

244 471 298 527 Vis
318 470 419 537 allata,
439 472 537 526 malae
556 471 725 542 impiaeque
746 469 858 541 spinae.

245 560 314 613 Non
333 577 396 628 voe,
415 561 469 616 sed
487 560 627 616 dominus
646 559 774 616 virentis
794 559 859 628 agri

245 650 301 703 nst
319 649 441 704 Marcus
460 666 558 720 meus;
578 649 630 704 ille
650 650 770 719 quando
788 656 926 706 vestrum
1034 644 1040 653 ⁵

245 739 375 793 Factum
393 738 556 810 intelliget,
575 738 656 793 haud
673 738 752 794 feret
769 758 877 794 sereno

196 876 199 881 .
244 827 342 883 Vultu
361 844 417 882 neo
436 827 502 883 sine
521 828 653 882 maxima
670 827 800 882 ultione.

243 917 373 972 Audetis
393 917 528 986 nimium,
548 935 587 970 an
605 915 721 987 putatis
742 934 806 971 esse
822 932 825 938 ’

245 1007 411 1061 Pulchrum
430 1007 533 1062 ledere
553 1006 597 1061 sie
615 1006 709 1061 bonas
728 1005 865 1077 puellas?

244 1096 397 1150 Scelestae
419 1096 523 1151 ordine
543 1113 598 1151 vos
616 1095 733 1150 habetis
753 1112 858 1150 omnes

244 1185 323 1253 Uno,
344 1203 396 1240 vos
417 1184 509 1240 etiam
528 1184 635 1255 pedem
653 1183 836 1254 Aphrodites

243 1275 390 1331 Divinum
409 1277 547 1344 Veneris,
568 1278 621 1331 sed
638 1295 701 1332 una
719 1294 817 1346 poena

244 1364 421 1421 Ulcisoetur
440 1371 472 1420 et
489 1366 547 1421 hoo
567 1372 599 1421 et
617 1365 694 1420 illud
714 1366 787 1420 olim

244 1453 368 1510 Scilicet
387 1462 457 1511 oute
475 1455 612 1512 sauciata
630 1473 748 1512 summa
767 1463 832 1524 est,-

244 1545 289 1599 Ut
307 1562 451 1615 persaepe
471 1545 547 1600 alias
565 1545 691 1613 solebat,
711 1547 791 1600 unde

243 1631 303 1688 Vix
322 1631 421 1702 prurit
439 1637 512 1687 nota
533 1633 668 1689 vulneris
686 1635 799 1705 pusilli.

244 1720 286 1773 At
303 1720 400 1776 sensit
417 1721 513 1792 digito
531 1723 636 1793 puella
653 1722 736 1779 laeso

243 1810 351 1864 Altum
371 1811 460 1866 eorde
480 1818 604 1881 metum,
623 1831 746 1867 manum
765 1819 797 1868 et
816 1814 966 1869 nitentem

243 1897 336 1953 Fudit
354 1916 506 1969 purpureo
524 1900 641 1973 liquore
662 1903 795 1974 sanguia,

242 1986 332 2041 Unde
353 1988 502 2057 expalluit
520 1989 617 2044 illioet
635 1991 784 2046 relabens.

243 2076 290 2130 Ah
309 2075 369 2132 nisi
388 2077 513 2133 comites
531 2078 601 2133 sinu
621 2079 704 2134 fideli

244 2166 397 2221 'lulissent
415 2167 525 2222 misera
544 2169 679 2225 redivem
697 2170 730 2224 in
747 2172 841 2227 herba

244 2257 438 2327 Aspereuque
457 2257 589 2311 animam
607 2259 671 2314 levi
687 2269 851 2317 vocassent

242 2348 347 2414 Retro,
367 2367 449 2403 nuno
469 2356 519 2404 eat
537 2351 650 2405 inferas
668 2370 723 2422 per
742 2370 816 2420 orae,

243 2438 344 2493 Nullis
362 2439 442 2493 unde
461 2439 566 2494 datum
585 2447 633 2496 est
651 2443 757 2512 pedem
776 2443 901 2500 referre.

242 2526 371 2592 Quando
391 2546 444 2583 vos
463 2528 576 2601 aliquid
595 2530 741 2600 pudebit?
760 2531 803 2587 ite

175 2636 179 2642 ¹
242 2615 299 2686 lte,
319 2617 479 2687 opprobria
496 2636 615 2674 summa
633 2619 778 2676 Paneioli
