2498 4012
255 381 314 436 Pro
332 400 393 454 quo
412 383 495 437 mille
515 383 621 438 adeam
640 399 738 437 necea.

290 469 378 523 Nunc
397 476 501 523 aestus
519 485 651 524 vacuum
669 468 838 539 glandifera
852 468 947 539 juvat

255 556 381 612 Evitare
400 559 456 613 sub
475 557 555 623 ilice,

291 646 379 702 Nunc
397 645 503 702 audire
523 644 596 701 Noti
615 663 771 700 murmura
788 646 906 716 garruli

254 737 371 791 Densus
388 754 442 807 per
460 752 619 790 nemorum
638 752 740 790 comas

288 826 379 880 Haud
399 826 487 894 longe
506 824 653 880 scatebris
671 823 765 878 fontis
784 823 821 878 ab
839 824 946 895 algidi.

252 915 316 970 Nec
335 933 382 970 me
401 914 534 971 desidiae
554 921 665 979 tamen,

290 1005 354 1059 Aut
373 1011 408 1059 tu
427 1021 474 1058 me
492 1002 629 1073 argueris
647 1002 745 1072 turpis
763 1001 902 1058 inertiae.

253 1092 353 1147 ‘Panto
372 1110 442 1147 nam
460 1092 549 1146 modo
568 1091 711 1155 carmina,

289 1182 336 1238 Ad
355 1181 541 1253 praescripta
560 1181 648 1235 modo
667 1197 715 1234 me
734 1177 922 1250 sapientium

252 1271 432 1337 Emendans,
451 1270 586 1327 animum
607 1271 682 1325 colo.

286 1358 432 1430 Princeps
450 1365 481 1413 te
501 1358 620 1413 interea
638 1354 757 1412 detinet
774 1354 899 1410 urbium

252 1448 358 1513 Roma,
376 1448 563 1520 principibus
581 1447 656 1503 viris

288 1539 425 1605 Gratum,
444 1538 526 1593 inter
544 1554 684 1609 proceres
702 1535 836 1590 nobilem
854 1534 1042 1597 honoribus·

251 1627 390 1700 Suspiras
408 1635 510 1684 tamen
529 1635 562 1683 et
579 1628 672 1697 doles,

288 1719 458 1773 Fortunam
477 1718 602 1789 cupiens
621 1712 807 1788 persimilem
826 1732 922 1772 meae.

251 1807 372 1862 Mecum
390 1813 426 1862 ut
445 1824 536 1878 saepe
555 1805 678 1877 negotia

288 1899 423 1967 Urbana,
443 1916 479 1952 ao
498 1895 597 1952 varias
616 1894 839 1951 sollicitudines

250 1986 421 2044 Detestaris
441 1996 473 2043 et
492 1986 624 2057 angeria,

289 2075 485 2146 Felicemque
505 2091 596 2130 vocas
615 2091 662 2129 me
683 2079 732 2128 ter
751 2071 897 2142 amplius!

251 2166 295 2223 Ut
313 2182 421 2220 verum
439 2165 539 2220 fatear
556 2163 620 2229 tibi,

286 2255 464 2309 Permutare
484 2271 600 2325 negem,
623 2259 657 2308 tu
677 2259 781 2307 tamen
799 2251 874 2306 haec
893 2269 971 2322 cape

249 2344 335 2397 Haec
353 2342 466 2397 solatia
485 2343 616 2407 amiculi,

287 2431 404 2485 Sortem
423 2448 520 2501 aequa
538 2437 574 2485 ut
590 2429 692 2485 levius
712 2436 815 2485 menta
834 2428 916 2485 feres
936 2437 1041 2487 tuam.

250 2517 329 2573 Sunt
348 2519 528 2575 mortalibus
548 2519 650 2575 omnia

289 2608 395 2665 Divisa
413 2608 514 2664 studia
534 2616 565 2665 et
584 2627 711 2665 munere
729 2608 856 2681 disparis

255 2697 356 2765 Vitae,
375 2703 411 2752 ut
429 2698 557 2770 quisque
576 2698 710 2756 humeris
729 2700 820 2765 valet,

287 2788 375 2844 Divis
395 2787 506 2860 cuique
526 2806 616 2844 suum
635 2788 888 2845 distribuentibus

254 2879 361 2948 Aequo
383 2876 499 2948 judicio
518 2877 668 2932 omnibus.

284 2967 351 3021 Non
378 2964 516 3021 fossorve
538 2968 679 3024 oviumve
700 2967 813 3022 arbiter
831 2966 973 3022 horridus

251 3054 383 3111 Clavum
402 3060 555 3125 temperet
573 3055 706 3110 urbium.

284 3145 351 3199 Non
373 3162 464 3215 quem
484 3145 602 3215 templa
620 3145 740 3216 juvant,
761 3143 893 3211 curiave,
913 3150 969 3199 aut
988 3147 1106 3218 forum,

246 3232 352 3288 Suleet
370 3233 466 3289 divite
487 3233 640 3288 mercium

284 3321 419 3375 Mutator
437 3322 562 3392 pelagus
582 3322 777 3393 Carpathium
796 3328 868 3376 rate.

250 3404 307 3459 His
326 3410 362 3458 tu
380 3405 567 3475 temporibus
586 3407 685 3476 datus,

285 3493 373 3557 Esset
392 3498 427 3546 ut
447 3495 563 3575 patriae
592 3495 787 3579 praesidium,
808 3513 843 3550 ac
862 3492 958 3559 bonis·
