2498 4012
398 333 477 391 Vere
497 332 586 391 beate
605 350 717 402 somne,
736 327 818 406 quod
837 330 863 388 si
881 326 1002 404 saepius

433 425 497 494 His,
516 425 603 493 Dive,
622 443 670 480 me
689 423 802 481 afficias
814 424 910 497 bonis,

397 515 529 571 Felicior
548 515 729 571 coelestibus
747 513 819 570 Deis
839 531 899 580 ero,

432 606 553 660 Summo
571 620 628 659 nec
645 602 771 658 inferior
788 604 877 660 Jove.

395 696 437 751 At
456 701 492 749 tu
509 700 654 765 proterva
672 693 811 765 quolibet
832 693 913 766 fuge,
934 692 1015 764 cripe

431 784 646 855 Complexibus
665 790 695 840 te
716 789 747 840 te
767 784 851 857 meis,
1008 778 1012 785 ’

397 874 428 930 Si
446 892 571 930 somnus
590 873 647 929 iste
668 891 714 928 me
734 871 880 945 frequens
900 873 1050 942 reviserit,

432 964 554 1018 Tenebo
573 969 612 1030 te,
633 961 762 1018 invitam
781 963 866 1018 licet.

397 1052 478 1120 Quin
497 1051 573 1106 dura
592 1050 642 1115 sis,
663 1050 705 1106 sis
726 1051 894 1123 quamlibet
911 1049 1007 1119 ferox,
1027 1051 1087 1106 cris

433 1143 473 1197 Et
491 1140 582 1206 mitis,
602 1147 635 1194 et
652 1139 752 1197 facilis
771 1147 883 1197 tamen.

741 1425 781 1465 lv.

397 1551 540 1618 Quamvis
559 1558 589 1606 te
609 1570 730 1623 peream
750 1570 852 1624 aeque,
877 1553 996 1624 Hyella,
1016 1559 1124 1625 totam,

398 1643 460 1696 Nec
478 1659 548 1712 pars
567 1642 615 1709 sit,
636 1660 704 1697 mea
723 1643 785 1709 lux,
806 1643 853 1697 tui
871 1643 943 1709 ulla,
964 1661 1040 1713 quae
1061 1663 1112 1699 me

398 1732 494 1786 Saevo
514 1748 576 1785 non
595 1731 718 1802 penitus
737 1738 863 1802 perurat
882 1732 959 1804 igne,

398 1819 566 1890 Fulgentes
586 1826 689 1874 tamen
705 1819 751 1873 illi
770 1820 974 1893 amabilesque

397 1907 457 1973 Illi,
477 1906 636 1979 syderibus
655 1925 743 1977 pares
763 1907 854 1962 ocelli

397 1996 501 2051 Nostri
520 1995 652 2050 maxima
672 2014 763 2052 causa
781 2002 854 2052 sunt
872 1996 995 2052 furoris

397 2087 421 2141 Ο
442 2085 504 2140 cari
522 2078 621 2150 ciniis,
643 2103 660 2140 0
679 2085 803 2156 benigni
823 2085 922 2154 ocelli,

397 2175 421 2229 Ο
440 2173 523 2229 dulci
542 2173 617 2228 mihi
636 2174 726 2228 melle
747 2174 908 2240 dulciores,

399 2263 526 2330 Quando
545 2281 600 2318 vos
619 2263 728 2317 misero
747 2262 821 2316 mihi
839 2262 945 2318 licebit

398 2353 503 2423 Usque
524 2352 561 2407 ad
580 2351 677 2406 millia
696 2351 805 2405 millies
825 2359 964 2407 trecenta

399 2441 462 2495 Aut
481 2440 564 2494 ultra
582 2440 657 2495 haec
678 2439 779 2507 etiam,
800 2440 954 2496 suaviori?

397 2531 443 2597 Di,
465 2531 622 2586 concedite
641 2530 684 2585 mi
701 2531 758 2586 hoc
777 2531 897 2586 misello
917 2530 1039 2598 amanti,

397 2622 475 2677 Dein
494 2621 538 2677 nil
559 2639 651 2693 grave
669 2622 789 2693 perpeti
807 2639 924 2689 recuso,

399 2709 481 2778 Quin
501 2716 531 2766 et
550 2710 577 2765 si
595 2726 723 2782 peream,
738 2710 837 2767 libens
856 2711 969 2782 peribo.

742 2979 772 3018 V·

328 3103 513 3174 Dispeream,
532 3102 593 3158 nisi
612 3108 647 3158 tu
666 3103 731 3159 vita
750 3104 825 3159 mihi
844 3103 941 3160 carior
958 3104 1032 3176 ipsa,
1075 3134 1079 3139 ·

361 3195 463 3265 Atque
482 3193 583 3247 anima
602 3199 695 3265 atque
714 3194 811 3250 oculis
831 3213 870 3264 es
891 3212 958 3249 mea
976 3195 1096 3268 Hyella‚
1117 3199 1203 3255 meis

327 3280 512 3350 Dispeream,
531 3281 591 3335 nisi
612 3299 667 3352 ego
686 3281 752 3336 vita
771 3282 827 3337 tibi
847 3283 944 3338 carior
963 3283 1029 3354 ipsa

362 3370 464 3439 Atque
483 3368 583 3421 anima
602 3379 694 3441 atque
714 3371 810 3427 oculis
828 3389 901 3438 sum,
921 3390 989 3428 mea
1008 3374 1130 3445 Hyella,
1151 3377 1225 3434 cuis.

327 3454 391 3509 Nec
409 3453 484 3510 satis
502 3454 572 3510 hoc:
591 3457 703 3512 vellem
715 3464 785 3529 pote
804 3460 965 3531 quicquam
984 3460 1030 3517 his
1049 3467 1132 3520 esset
1144 3463 1243 3522 haber

363 3543 477 3613 (larius,
500 3549 532 3599 ut
550 3563 654 3617 posses
673 3548 772 3605 carior
790 3566 856 3607 esse
875 3549 958 3607 mihi.
