2498 4012
144 401 238 460 Dives
257 399 392 459 odoratis
416 419 543 474 surgens
562 400 730 458 Pallantias
749 399 832 456 Indis

181 488 327 550 Gemmea
344 491 500 565 fulgentes
518 493 556 548 ad
572 492 646 564 juga
664 491 763 548 flectit
781 509 884 564 equos.

149 585 170 640 J
171 602 220 638 am
238 601 319 639 nova
338 584 476 654 prodibat
495 583 582 656 segni
599 584 654 638 lux
672 600 765 639 aurea
784 588 893 651 terrae,

183 677 224 730 Et
241 674 360 746 fulgore
380 691 459 729 novo
479 674 600 729 luxerat
618 673 701 729 unda
719 672 819 728 maris.

148 765 225 821 Cum
244 782 354 835 pecora
372 763 404 818 in
423 765 520 819 valles
540 769 704 833 taurosque
725 763 756 818 in
776 769 863 836 prata
882 782 1009 822 vocares

137 854 143 898 i
182 857 207 910 Ε
227 854 379 910 matutino
398 854 496 910 sidere
515 871 603 909 manc
623 870 744 909 recens:

147 946 307 1016 Exurgens
326 943 424 999 nitido
445 960 536 999 curru
557 943 699 999 Tithonia
718 943 811 1014 Virgo

181 1036 331 1106 Coeperat
349 1039 471 1089 auratas
490 1031 575 1088 Coeli
594 1033 710 1104 aperire
729 1032 821 1088 fores.

146 1126 227 1180 Hinc
246 1124 346 1196 pelagi
364 1123 459 1178 facies
479 1122 552 1178 solis
569 1124 746 1193 splendebat
764 1123 801 1177 ab
820 1128 898 1190 ortu,

182 1218 222 1271 Et
240 1214 328 1269 tenui
348 1213 460 1285 Tethys
480 1212 562 1284 picta
580 1230 673 1284 genas
691 1211 799 1267 minio:

148 1306 282 1361 Candida
300 1302 477 1358 Leucothoe
497 1301 591 1357 rutilo
610 1300 775 1357 flaventior
793 1319 844 1356 ore

179 1394 281 1465 Surgit
299 1394 336 1448 ab
356 1391 471 1447 auratis
489 1391 609 1447 eminus
628 1390 819 1463 aequoriburt,

146 1487 299 1540 Horarum
317 1482 450 1555 genitrix
469 1481 571 1537 nimbo
589 1488 780 1552 processerat
799 1500 888 1538 aureo

182 1577 365 1630 Nasoentem
384 1574 477 1643 vulgo
496 1571 660 1626 testificata
678 1571 766 1627 diem.

148 1667 309 1736 Aequorea
326 1662 466 1717 Phoebus
485 1678 518 1716 se
537 1678 569 1715 se
588 1661 757 1715 extollebat
775 1662 812 1716 ab
830 1661 913 1717 unda

181 1751 371 1807 Collustrans
391 1748 482 1804 radiis
501 1749 625 1803 aethera
643 1749 804 1820 purpureis

148 1842 223 1897 Cum
243 1857 290 1894 me
309 1838 462 1893 flebilibus
481 1837 616 1893 numeris
635 1839 787 1893 Pandione
807 1846 880 1895 nata

182 1930 280 2001 Impia
299 1929 441 2000 Threjicii
459 1930 524 1984 fata
541 1947 666 2001 gemens
687 1929 769 2002 Ityli,

148 2021 196 2076 Ad
213 2020 318 2074 dulces
335 2019 491 2073 Musarum
510 2019 628 2085 abacos
648 2017 686 2072 ad
705 2017 838 2072 carmina
856 2019 970 2076 Phoebi

184 2111 225 2163 Et
244 2113 335 2164 vocat
353 2107 390 2162 ad
409 2107 536 2162 blandae
555 2107 659 2162 dulcia
676 2107 794 2178 plectra
812 2107 908 2179 lyrae.
