2498 4012
152 371 199 426 Tu
218 389 348 444 quoque,
367 371 467 427 dulcis
485 374 580 438 Anne,
600 371 657 426 tali
674 370 852 442 dignissima
870 372 963 441 prole,

186 459 290 530 Incipe
310 478 365 516 nos
384 460 465 516 inter
484 478 702 515 connumerare
724 466 802 514 tuos.

150 549 199 615 Me
219 548 276 603 tibi
294 549 345 604 vel
363 567 517 620 generum,
537 550 587 605 vel
607 556 696 604 natae
716 549 836 619 suscipe
855 548 989 616 fratrem,

186 637 341 707 Quidquid
360 638 392 692 in
410 639 467 692 hac
486 639 564 704 fiam,
580 637 696 708 juverit
717 655 781 693 esse
801 639 900 692 dome.

150 726 218 780 Non
237 725 312 798 vigil
330 732 433 782 aerato
452 727 587 782 dubitem
606 745 654 781 me
674 727 805 797 adfigere
824 727 912 797 posti,

185 815 225 869 Et
243 814 325 870 fessa
343 814 376 869 in
394 815 495 886 gelido
514 833 626 887 ponere
646 816 781 870 membra
798 816 873 871 solo.

147 902 211 957 Nec
233 902 331 957 minor
349 910 395 959 est
415 921 520 959 rerum
539 903 621 976 mihi,
644 923 734 976 quam
753 904 810 960 tibi
828 922 902 960 cura
920 911 1053 972 tuarum,

183 992 274 1047 Haud
292 997 382 1047 natae
404 1000 507 1049 custos
526 993 626 1064 aptior
644 994 728 1049 ullus
745 994 815 1049 erit.

146 1081 219 1136 Este
239 1083 355 1155 procul,
370 1082 509 1154 juvenes
530 1101 591 1138 non
609 1083 659 1137 hic
680 1082 885 1154 corrumpitur
904 1101 979 1138 auro

182 1169 204 1225 J
206 1169 317 1240 anit0r3
337 1168 435 1226 officio
452 1170 593 1242 fungitur
610 1171 673 1242 ipse
692 1189 755 1226 suo.

148 1260 210 1315 Vos
228 1277 347 1332 quoque
368 1259 512 1315 nocturni
530 1260 638 1330 procul
657 1259 728 1314 hinc
746 1259 893 1316 discedite
912 1260 1004 1328 fures,

183 1347 336 1404 insomnis
355 1355 458 1404 custos
477 1349 609 1404 excubat
627 1349 659 1402 in
676 1349 802 1404 foribus.

149 1437 197 1493 Ah
215 1436 344 1510 quoties,
365 1455 435 1492 cum
453 1457 501 1494 me
520 1438 689 1510 patientem
709 1443 820 1493 cuncta
838 1437 962 1505 videbis,

186 1526 256 1595 Ipsa
274 1527 368 1579 etiam
387 1524 482 1581 dices:
501 1543 564 1580 non
582 1525 749 1592 ametiste,
769 1525 858 1596 perit.

148 1614 211 1668 Nec
230 1613 346 1691 poteris
365 1619 472 1669 nostro
491 1633 554 1670 non
573 1615 737 1686 ingemisse
757 1615 862 1681 labori,

179 1701 353 1773 Dignasque
372 1720 426 1774 pro
446 1702 566 1759 meritis
584 1703 719 1775 praemia
740 1704 820 1760 ferre
841 1705 923 1761 meis.

145 1790 213 1845 Non
234 1808 288 1862 ego
307 1790 445 1846 Sidonias
465 1798 573 1855 vestes,
593 1811 655 1846 non
677 1811 770 1847 aurea
788 1799 881 1866 tecta,

183 1877 307 1933 Fertilis
327 1884 382 1934 aut
400 1880 464 1951 agri
480 1880 588 1952 jugera
608 1881 692 1935 mille
713 1889 821 1951 petam.

146 1969 217 2026 Una
235 1968 310 2024 satis
329 1968 432 2036 fuerit,
452 1987 545 2040 regno
565 1970 640 2025 mihi
659 1971 757 2026 carior
777 1971 860 2025 omni

181 2057 303 2125 Anthia,
323 2076 383 2130 qua
401 2059 476 2114 felix
495 2060 622 2131 coniuge
643 2075 764 2131 semper
783 2077 842 2116 ero.

587 2300 632 2352 ΙΙ.

151 2444 215 2508 DE
238 2445 464 2512 DISOESSU
487 2444 701 2512 ANTHIAE
724 2449 792 2514 EX
815 2450 1067 2517 FERRARIA

484 2587 626 2642 (Eroticon,
642 2589 699 2632 Lib.
713 2589 741 2642 1.)

142 2748 308 2819 Postquam
327 2746 483 2802 Ferrarius
505 2746 662 2805 discedens
682 2751 802 2805 moenia
820 2751 911 2822 liquit

176 2835 298 2901 Antia,
320 2836 490 2891 Ferrariam
509 2837 601 2909 liquit
621 2845 652 2892 et
671 2837 736 2908 ipsa
756 2841 867 2894 Venus.

141 2925 243 2981 Mollis
263 2929 356 2982 Amor
374 2926 466 2982 simul
486 2928 632 2982 Etruscas
651 2927 794 2997 migravit
813 2929 851 2982 ad
869 2928 966 2993 urbes

175 3017 285 3072 Secum
303 3015 466 3073 blanditias
484 3016 669 3089 deliciasque
689 3017 771 3072 tulit.

139 3105 197 3160 Sed
216 3104 289 3161 licet
309 3105 346 3160 ad
365 3105 498 3172 Tanaim,
518 3106 715 3177 rapidumque
734 3105 851 3162 feratur
869 3108 1041 3178 Hydaspen,

174 3195 344 3250 Herculeas
363 3195 501 3266 quamvis
520 3200 657 3251 transeat
676 3193 730 3248 illa
749 3194 821 3267 vias,

139 3282 263 3356 Quaque
284 3292 388 3342 rotant
405 3286 519 3343 fluctus
538 3286 656 3342 alterno
678 3288 792 3344 vortice
813 3291 928 3363 Syrtes,

174 3373 233 3427 Per
251 3392 342 3441 mare,
361 3393 415 3446 per
433 3382 531 3432 terras
550 3377 719 3447 subsequar
739 3378 802 3451 ipse
822 3385 932 3436 tamen.

138 3462 227 3518 Nunc
246 3461 364 3518 utinam
383 3465 511 3536 sumptis
530 3465 667 3522 imitarer
685 3469 797 3525 Persea
814 3470 939 3541 pennis!

173 3551 262 3606 Nunc
282 3551 393 3617 vellem
411 3552 575 3624 ingenium,
594 3557 726 3612 Daedale
745 3558 843 3626 docte,
864 3565 960 3614 tuum.

154 3760 208 3804 b—
222 3758 311 3806 cesus.
324 3757 382 3804 Act.
398 3761 462 3806 della
475 3761 550 3807 liricc
564 3761 654 3807 latinu
717 3759 719 3765 '
