2498 4012
586 407 642 459 IX.

470 552 536 618 ΑΙ)
559 551 752 620 AMICAM

435 692 668 748 (Epigrammatom
684 677 745 739 Irin
756 693 784 747 1.)

139 891 185 945 Da
203 887 279 942 mihi
296 893 339 953 tu,
360 903 428 942 mea
445 886 508 956 lux,
529 889 577 939 tot
596 884 680 939 basia
698 891 785 957 rapta
802 884 929 955 petenti,

175 979 258 1046 Quot
275 976 400 1033 dederat
419 976 484 1033 vati
502 977 611 1031 Lesbia
630 976 741 1032 blanda
759 994 827 1033 suo.

139 1067 197 1123 Sed
215 1066 288 1140 quid
306 1085 401 1139 pauca
419 1073 496 1138 peto,
517 1064 608 1137 petiit
627 1066 653 1120 si
671 1084 768 1137 pauca
786 1066 926 1121 Catullus

173 1155 282 1212 Basia?
301 1174 398 1228 pauca
418 1154 549 1225 quidem,
570 1154 597 1210 si
616 1161 822 1222 numerentur,
846 1160 942 1210 erunt.

137 1246 184 1301 Da
202 1244 277 1299 mihi
294 1251 369 1317 quot
390 1245 510 1300 caelum
528 1245 643 1310 stellae,
664 1250 739 1314 quot
758 1243 834 1300 litus
853 1262 960 1313 arenas

172 1331 314 1404 Silvaque
333 1339 409 1403 quot
426 1332 557 1398 frondes,
576 1332 712 1403 gramina
732 1350 855 1403 campus
878 1332 986 1404 habet;
1068 1333 1069 1336 ’

138 1422 216 1477 Atre
236 1429 311 1494 quot
328 1422 477 1489 volucres,
497 1427 573 1492 quot
590 1427 663 1476 sunt
680 1427 713 1477 et
731 1422 763 1475 in
782 1439 913 1492 aequore
932 1423 1048 1495 piscas3

174 1511 257 1578 Quot
276 1529 356 1568 nova
373 1511 536 1583 Cecropiae
557 1512 651 1566 mella
669 1518 797 1568 tuentur
816 1530 897 1584 apae.

137 1601 224 1658 Haec
241 1601 317 1656 mihi
334 1602 361 1657 si
378 1602 505 1668 dederis
525 1620 666 1674 spernam
684 1619 863 1675 mensasque
885 1607 1030 1672 Deorum,

173 1691 215 1745 Et
233 1691 428 1764 Ganymedea
446 1690 557 1762 pocula
575 1697 697 1761 sumpta
715 1708 815 1747 manu.

591 2057 630 2107 X.

301 2202 365 2267 DE
388 2204 546 2270 FON'PE
575 2204 913 2272 MERGELLINES

427 2344 661 2399 (Epigrammaton,
680 2346 735 2390 Lib.
746 2345 784 2397 11.)

244 2532 302 2586 Est
321 2530 395 2585 mihi
413 2530 479 2587 rivo
498 2532 615 2588 vitreus
634 2536 761 2604 perenni

279 2621 367 2686 Fons,
388 2637 551 2676 arenosum
569 2639 662 2693 propo
681 2623 763 2686 litus,
783 2630 862 2685 unde

279 2710 374 2780 Saepe
393 2709 552 2765 discedens
571 2710 628 2766 sibi
646 2720 743 2768 nauta
760 2733 845 2774 rores

670 2804 783 2859 Haurit
801 2807 922 2865 amicos.

244 2903 360 2959 Unicus
380 2905 495 2961 nostris
514 2912 614 2961 scatet
632 2906 685 2961 ille
704 2907 777 2980 ripis

277 2992 391 3050 Montis
409 2994 557 3051 immenso
577 2995 703 3053 sitiente
723 3006 832 3066 tractu,

278 3084 390 3140 Vitifer
408 3104 468 3156 qua
485 3086 669 3157 Pausilypus
688 3089 834 3144 vadosum
853 3108 891 3146 ex
909 3122 920 3132 ·

690 3208 701 3218 -
721 3177 817 3232 currit
835 3177 867 3233 in
886 3197 1008 3252 aequor.

243 3273 333 3328 Hunc
354 3292 408 3347 ego
427 3275 507 3332 vitta
525 3277 686 3333 redimitus
705 3280 780 3346 alba,

279 3364 377 3430 Flore,
396 3373 429 3422 et
446 3366 572 3423 aestivis
590 3386 721 3424 veneror
741 3372 869 3440 coronis,

278 3451 379 3519 Quum
398 3456 509 3511 timent
529 3475 631 3514 amnes
651 3466 682 3513 et
699 3460 803 3516 hiulca
820 3481 945 3520 saevum

665 3550 748 3608 Arva
766 3552 906 3609 Leonem.
