2498 4012
585 433 617 475 11.

168 560 236 616 Nox
254 561 339 627 bona,
359 577 437 633 quae
456 559 561 616 tacitis
579 566 675 617 terras
694 562 834 633 amplexa
853 560 990 618 tenebris

143 656 146 666 '
203 649 314 706 Dulcia
329 649 485 721 jucundae
505 649 588 704 furta
607 651 687 722 tegis
701 651 838 707 Veneris.
1098 731 1101 737 r
1139 725 1140 729 ἵ

139 782 141 787 -
169 741 250 796 Dum
268 756 396 810 propero
416 739 448 795 in
468 757 554 794 carae
575 741 732 810 amplexus
751 747 783 796 et
801 741 906 796 mollia
924 741 1056 814 Hyellae

205 829 324 896 Oscula,
344 835 379 883 tu
398 834 504 883 nostra
522 829 563 885 sis
583 847 685 884 comes
703 849 765 886 una
777 830 856 886 viae.

169 918 252 974 Neve
270 919 380 992 aliquis
399 927 520 977 nostros
539 921 636 992 possit
654 921 840 992 deprendere
860 939 986 989 amores,

206 1011 287 1065 Aera
306 1028 379 1082 coge
399 1017 480 1066 atras
500 1011 623 1066 densius
636 1009 668 1066 in
687 1011 822 1067 nebulas.
949 1078 955 1084 .

170 1099 288 1155 Gaudia
306 1100 359 1172 qui
379 1101 476 1156 credit
495 1101 638 1173 cuiquam
657 1118 723 1169 sua,
743 1100 860 1172 dignus,
880 1107 916 1155 ut
936 1101 1071 1173 unquam

205 1187 309 1244 Dicier
328 1187 412 1244 illius
430 1188 517 1244 nulla
535 1189 639 1260 puella
658 1188 743 1244 velit.

171 1278 237 1332 Non
255 1278 320 1332 sola
339 1278 521 1333 occultanda
540 1279 624 1334 cavis
644 1286 718 1334 sunt
737 1277 821 1348 orgia
840 1277 934 1346 cistis,

146 1357 156 1371 '
207 1365 315 1421 Solave
334 1365 497 1421 Eleusinae
519 1384 605 1422 sacra
623 1367 740 1422 silenda
759 1370 849 1423 Deae.

171 1453 239 1525 Ipse
260 1454 353 1510 etiam
371 1472 427 1510 sua
446 1454 538 1510 celari
556 1456 625 1511 vult
642 1455 726 1511 furta
744 1456 859 1524 Cupido

208 1545 335 1616 Saepius
353 1551 385 1600 et
404 1563 517 1616 poenas
535 1545 658 1617 garrula
677 1545 781 1616 lingua
799 1538 890 1601 dedit.

170 1634 241 1690 Una
260 1651 352 1700 meos,
374 1652 449 1706 quos
468 1640 501 1689 et
521 1634 664 1690 miserata
683 1641 740 1703 est,
761 1634 849 1690 novit
867 1651 985 1690 amores

207 1721 320 1778 Officiis
338 1723 443 1778 nutrix
463 1723 586 1794 cognita
604 1723 665 1778 fida
683 1723 754 1778 suis.

172 1812 256 1865 Haec
276 1829 352 1882 quae
373 1829 421 1866 me
440 1811 556 1866 foribus
575 1810 707 1881 vigilans
726 1818 870 1881 expectet
888 1811 920 1865 in
940 1811 1019 1882 ipsis,

207 1901 304 1971 Inque
324 1899 426 1953 sinum
444 1899 582 1954 dominae
604 1900 710 1955 sedula
728 1900 814 1955 ducit
832 1917 916 1955 anus.

172 1989 258 2043 Hanc
273 1995 404 2058 praeter,
425 1993 469 2056 tu,
482 1994 596 2053 sancta,
610 1988 708 2043 latent
727 2007 787 2060 qua
801 1995 913 2044 cuncta
926 1987 1078 2061 silentque

209 2077 262 2142 Tu,
282 2080 355 2142 Dea,
375 2075 416 2131 sis
435 2075 574 2132 flammae
596 2077 717 2131 conscia
735 2077 800 2132 sola
819 2095 914 2147 meae,

173 2173 319 2240 Quaeque
340 2170 436 2226 libens
456 2177 536 2226 astat
555 2177 729 2227 nostrorum
748 2173 836 2229 testis
856 2191 993 2228 amorum

207 2263 372 2319 Nobiscum
392 2268 457 2317 tota
476 2268 566 2318 nocte
586 2263 713 2319 lucerna
732 2263 814 2336 vigil.

580 2476 625 2515 111.

242 2607 336 2662 Beate
355 2622 468 2672 somne,
487 2609 578 2660 nocte
597 2602 651 2674 qui
667 2603 812 2659 hesterna
829 2603 904 2659 mihi

277 2697 335 2752 Tot
353 2695 489 2752 attulisti
506 2694 625 2768 gaudia,
845 2684 847 2688 ⁸

240 2786 368 2842 Utinam
387 2789 519 2842 Deorum
537 2791 638 2840 rector
657 2783 708 2838 ille
731 2784 874 2839 coelitum

279 2876 321 2931 Te
342 2893 358 2930 e
378 2881 469 2930 coetu
489 2892 593 2930 eorum
612 2872 739 2944 miserit,

243 2965 327 3030 Quae
347 2963 467 3034 saepius
485 2953 666 3018 mortalibus
684 2979 758 3016 vera
776 2961 911 3015 assolent

280 3051 364 3107 Mitti
381 3051 480 3107 futuri
498 3050 615 3106 nuntia.

246 3140 300 3206 Tu,
320 3158 396 3212 quae
417 3139 534 3195 furenti
553 3138 674 3194 surdior
691 3137 773 3191 freto
793 3152 874 3190 meas

278 3231 411 3299 Superba
431 3228 603 3285 contemnis
622 3244 736 3297 preces,
778 3219 779 3224 ¹

245 3318 379 3374 Facilem
398 3321 546 3375 Neaeram
564 3315 741 3388 praebuisti,
761 3314 833 3387 quin
852 3314 927 3370 mihi

280 3406 365 3462 Mille
384 3407 497 3464 obtulit
516 3411 625 3478 sponte
645 3405 756 3469 oscula,

249 3497 360 3552 Oscula
375 3515 455 3569 ,quae
475 3495 617 3569 Hymetti
635 3484 772 3550 dulciora
789 3492 852 3550 sint
869 3491 949 3549 favis

285 3585 367 3652 Quae
384 3585 526 3643 suaviora
543 3590 676 3642 nectare.

158 3811 210 3854 9-
223 3809 312 3856 cosei.
327 3808 384 3855 Ant.
401 3811 465 3855 dalla
480 3811 556 3856 lirina
571 3810 660 3854 lutino.

193 3930 246 3975 ‘q
380 3936 432 3973 ἰι
464 3926 549 3977 '‘¹-
