2498 4012
167 363 225 420 His
238 365 384 424 distincta
401 366 444 436 pii
463 367 575 424 ludunt
593 386 647 439 per
665 364 801 439 gramina
819 383 931 434 manee,

202 458 268 513 Hos
288 458 395 514 foetus
413 476 509 513 verna
528 458 686 514 Chloridos
704 458 797 513 herba
815 458 906 529 parit.

170 547 284 604 Felicis
303 548 431 603 nimium
448 547 557 613 violae,
578 564 653 619 quas
673 547 819 618 carpserit
838 546 891 602 illa

201 639 344 703 Dextera,
364 655 440 709 quae
460 637 606 693 miserum
624 653 673 690 me
692 635 766 690 mihi
778 635 945 708 subripuit!

174 730 257 796 Quas
276 727 371 783 roseis
390 727 493 798 digitis
511 725 644 781 formoso
664 725 832 781 admoverit
852 725 897 781 ori

198 818 249 873 1111
266 818 348 873 unde
368 815 400 870 11
419 833 467 870 me
487 815 608 886 spicula
630 819 755 886 torquet
775 816 876 870 Amor.

166 905 307 961 Forsitan
329 911 360 958 et
373 903 459 959 vobis
471 904 546 958 haec
566 903 651 957 illinc
670 903 769 974 gratia
787 904 879 967 venit,

202 995 318 1049 Tantus
337 993 434 1047 honor
451 991 591 1046 dominae
610 992 705 1061 spirat
723 992 759 1046 ab
779 1009 831 1045 011
850 991 950 1045 meae!

165 1082 275 1154 Aspice
294 1081 426 1135 lacteolo
448 1080 606 1135 blanditur
624 1085 660 1134 ut
681 1079 735 1134 illa
756 1080 866 1144 colore,

200 1171 309 1241 Aspice
329 1169 492 1240 purpureis
511 1177 547 1224 ut
565 1170 656 1224 rubet
674 1170 750 1224 haec
769 1169 868 1224 foliis:

165 1261 225 1316 Hic
244 1262 328 1316 color
347 1264 396 1314 est
416 1259 564 1325 dominae,
587 1277 674 1314 roseo
695 1277 764 1313 cum
777 1259 866 1314 dulce
886 1258 1002 1329 pudore

200 1349 304 1420 Pingit
322 1350 469 1403 lacteolas
487 1367 621 1420 purpura
641 1355 729 1419 grata
746 1365 849 1417 genas.

166 1441 264 1507 Quam
283 1439 405 1494 dulcem
422 1439 524 1507 labris,
546 1456 638 1510 quam
657 1441 719 1494 late
739 1438 833 1506 spirat
852 1438 989 1493 odorem!

201 1531 256 1600 En,
275 1529 384 1595 violae,
404 1528 436 1581 in
455 1527 542 1583 vobis
561 1527 613 1582 ille
634 1528 782 1583 remansit
802 1527 882 1582 odor,

165 1619 189 1674 Ο
208 1618 383 1673 fortunatae
403 1617 512 1681 violae,
527 1635 594 1671 mea
613 1617 685 1685 vita,
705 1635 868 1689 meumque

199 1706 361 1772 Delicium,
381 1724 398 1760 0
419 1705 512 1760 animi
531 1712 637 1778 portus
657 1712 688 1762 et
707 1724 781 1761 aura
800 1705 874 1761 mei!

166 1799 192 1852 A
211 1797 296 1852 vobis
314 1796 434 1860 saltem,
454 1796 565 1864 violae,
585 1801 674 1867 grata
692 1797 798 1850 oscula
811 1813 940 1867 carpam,

200 1887 261 1941 Vos
280 1885 369 1940 avida
388 1891 513 1955 tangam
530 1892 638 1956 terque
656 1891 824 1957 quaterque
845 1903 945 1942 manu.

164 1973 227 2029 Vos
239 1971 384 2045 lacrymis
402 1972 520 2027 satiabo
539 1973 620 2041 meis,
640 1991 717 2044 quae
736 1979 854 2029 moesta
870 1993 925 2046 per
944 1993 996 2030 ora

199 2063 317 2134 Perque
335 2060 436 2116 sinum
454 2061 516 2116 vivi
534 2061 669 2118 fluminis
687 2062 784 2118 instar
802 2071 886 2120 eunt.

164 2152 332 2210 Combibite
351 2153 405 2206 has
424 2152 584 2225 lacrymas,
603 2170 681 2225 quae
699 2154 802 2209 lentae
821 2157 932 2226 pabula
950 2156 1087 2212 fiammae

200 2247 314 2302 Saevus
334 2263 419 2302 amor
437 2243 553 2300 nostris
570 2243 711 2314 exprimit
730 2261 769 2298 ex
788 2245 896 2301 oculis.

164 2335 266 2392 Vivite
285 2340 476 2407 perpetuum,
496 2333 605 2400 violae,
624 2350 681 2388 nec
700 2334 815 2389 solibus
833 2341 936 2391 aestus

197 2425 261 2480 Nec
279 2441 336 2482 vos
354 2423 489 2480 mordaci
508 2423 622 2495 frigore
643 2429 747 2494 carpat
765 2423 869 2479 hiems.

162 2513 265 2570 ἲ111111
284 2520 467 2586 perpetuum
485 2511 589 2568 miseri
608 2513 744 2568 solamen
762 2513 882 2581 1110111,

198 2605 222 2660 Ο
242 2603 350 2669 violae,
370 2621 387 2658 0
406 2601 504 2658 nostri
522 2609 608 2673 grata
627 2604 713 2675 quies
733 2602 836 2658 animi.

163 2693 225 2748 Vos
244 2692 330 2748 111111
348 2710 469 2747 mecum
487 2710 613 2763 semper,
632 2710 686 2747 101
705 2709 825 2763 semper
844 2694 958 2760 amabo,

199 2784 376 2856 Torquebor
395 2782 522 2854 pulchra
540 2783 611 2838 dum
631 2784 723 2838 miser
742 2801 759 2836 a
777 2781 907 2850 domina,

161 2877 303 2946 Dumque
322 2873 508 2945 Cupidineae
526 2879 654 2943 carpent
672 2889 739 2926 mea
757 2877 881 2943 pectora
899 2872 1047 2942 flammae,

196 2967 278 3020 Dum
297 2980 418 3019 mecum
436 2961 562 3017 stabunt
581 2967 612 3016 et
631 2961 783 3032 lacrymae
804 2965 835 3015 11
853 2961 995 3027 gemitus.

202 3164 255 3208 Fra
269 3164 296 3206 11
310 3163 449 3219 pareochie
468 3163 617 3208 traduciani
630 3161 679 3206 cha
694 3162 757 3206 ebbe
772 3161 943 3216 quest’alegia
962 3159 976 3203 ὁ
996 3161 1121 3205 10111111

136 3230 229 3286 quella
243 3229 286 3273 dal
302 3229 460 3274 Biranauola
475 3230 559 3283 (Eleg.
575 3231 619 3283 11.)
