2498 4012
344 1231 578 1308 ANDREA
604 1227 922 1309 NAVAGERO.

210 1443 338 1518 Naoque
359 1462 377 1501 a
399 1442 536 1502 Venezia
553 1442 609 1502 nel
633 1443 719 1501 1483.
744 1441 856 1502 Studio
872 1443 903 1500 in
926 1445 1031 1520 patria
1049 1455 1138 1508 sotto

162 1537 192 1595 la
212 1537 309 1613 guida
328 1536 361 1595 di
382 1537 598 1596 Maroantonio
621 1535 782 1612 sabellico,
804 1556 821 1596 e
841 1536 895 1613 pili
915 1537 1000 1595 tardi
1022 1538 1056 1597 in
1072 1539 1136 1599 Pa-

149 1630 232 1690 dova
252 1635 337 1688 sotto
366 1629 475 1689 Maroo
507 1629 636 1688 Musuro
657 1648 674 1688 e
695 1628 719 1687 il
744 1627 962 1705 Pomponazzi.
991 1629 1080 1691 Morl
1100 1635 1135 1694 in

20 1686 47 1792 l
149 1709 252 1820 Q
271 1707 433 1768 11011529.
1046 1700 1052 1713 ’

191 1866 303 1917 G1ov1o.
326 1868 372 1919 El.
391 1868 440 1918 vir.
458 1867 510 1919 lito
534 1866 594 1929 ill.‚·
610 1884 637 1933 p.
653 1869 692 1918 93.
709 1895 739 1904 -
760 1867 888 1918 Gmnnm.
909 1867 950 1915 De
962 1873 1038 1931 poet.
1059 1885 1134 1921 soor.

145 1947 220 2007 tentp.
229 1961 238 2004 ‚·
255 1944 308 1993 eol.
325 1944 379 1994 537.
396 1972 427 1980 -
444 1944 545 1996 Gsnm.
563 1945 604 1994 De
619 1941 713 2007 script.
729 1958 783 2017 aon
798 1943 857 1994 ecel.
865 1962 876 2007 ‚·
893 1942 934 1991 P.⁸
951 1957 984 2004 11,
1001 1958 1030 2007 p.
1047 1945 1089 1995 45.

459 2241 558 2324 (DAI
590 2240 817 2325 “LUSUS„)

625 2451 645 2490 1.

200 2575 360 2630 Florentes
379 2576 451 2631 dum
469 2575 548 2632 forte
568 2596 683 2649 vagans
703 2596 772 2634 mea
789 2577 903 2650 Hyella
920 2595 977 2647 per
1001 2580 1118 2643 hortos

235 2663 326 2718 Texit
345 2664 480 2720 odoratis
498 2666 564 2720 lilia
583 2684 660 2722 cana
678 2667 763 2733 nesle,

198 2755 278 2808 Eece
297 2771 382 2809 rosas
400 2754 482 2810 inter
499 2754 676 2811 latitant-em
695 2757 814 2812 invenit
833 2773 975 2824 amorem,

232 2846 272 2899 Et
290 2843 381 2899 simul
400 2845 528 2900 annexis
546 2844 673 2902 floribus
693 2846 852 2917 implicuit.

197 2935 350 2989 Luctator
368 2935 473 3005 primo,
493 2940 525 2989 et
544 2943 650 2989 eontra
669 2935 838 2991 nitentibus
857 2934 913 2990 alis

232 3023 403 3079 Indomitns
422 3030 524 3079 tentat
542 3025 660 3080 solvere
678 3025 781 3081 vinela
799 3043 885 3096 puer.

202 3113 274 3167 Mox
292 3114 345 3168 ubi
363 3113 511 3169 lacteolas
529 3122 562 3169 et
580 3115 686 3186 dignas
704 3127 800 3170 matre
821 3114 949 3187 papillas

232 3200 318 3256 Vidit
335 3207 368 3255 et
386 3219 439 3257 ora
455 3203 537 3274 ipsos
556 3209 628 3258 nata
647 3221 769 3260 movere
787 3207 876 3269 Deos,

195 3287 419 3360 Impositoeque
439 3309 542 3346 comae
562 3292 728 3348 ambrosios
745 3297 782 3349 ut
800 3293 897 3349 sensit
915 3292 1034 3362 odores,

231 3375 373 3446 Quosque
391 3378 467 3449 legit
485 3380 542 3435 diti
560 3398 657 3436 messe
677 3382 784 3437 beatus
803 3381 898 3447 arabs

196 3462 218 3527 1,
238 3462 316 3516 dixit
334 3482 409 3531 mea,
429 3485 539 3538 quaere
558 3487 673 3527 novum
690 3469 755 3535 tibi,
776 3476 880 3537 mater,
900 3486 1044 3540 amorem,

231 3550 360 3621 Imperio
380 3554 467 3610 sedes
485 3556 561 3613 haee
581 3558 641 3614 erit
659 3565 730 3631 apta
748 3574 823 3614 mee.
