2498 4012
136 325 207 396 Ipsa
224 324 278 380 sed
296 322 328 377 in
346 321 450 393 primis
469 321 621 376 solemnes
639 319 730 377 indue
752 321 869 375 cultus:

173 416 215 471 Et
232 413 306 468 mihi
325 429 477 484 purpurea
495 417 633 482 tempora
653 411 740 483 cinge
759 430 837 467 rosa.

139 505 243 574 thue
264 503 380 574 aliquid
399 507 500 573 gratas
518 502 606 559 divae
627 501 811 557 meditemur
830 502 867 557 ad
887 519 961 569 arae,

173 591 257 649 Affer
275 591 433 646 inauratae
453 592 575 663 garrula
593 592 712 662 plectra
730 591 823 663 lyrae.

141 682 187 737 'Pu
206 698 334 753 quoque,
354 680 426 750 vita,
446 686 515 735 tuos
534 697 608 735 auro
628 681 775 736 subnecte
795 680 935 751 capillos:

173 770 368 843 Plurimaque
388 770 421 824 in
439 769 529 826 niveo
548 776 672 840 pectore
691 787 810 841 gemma
828 768 929 825 micet.

139 861 224 916 Haec
242 858 319 913 mihi
337 865 374 924 te,
394 875 461 912 mea
479 857 543 923 lux,
561 856 641 913 feros
659 857 799 929 promisit
818 857 850 912 in
868 875 972 925 annos,

174 948 259 1003 Haec
278 946 352 1000 mihi
371 952 402 1001 te
423 951 538 1001 certam
555 943 649 1015 jussit
666 945 778 1001 habere
797 945 869 1001 dies.

140 1037 261 1103 Quanta
279 1034 355 1090 mihi
371 1035 428 1090 hac
447 1035 578 1107 primum
597 1033 754 1090 fulserunt
773 1032 882 1106 gaudia
900 1034 984 1092 luce!

175 1124 312 1190 Quantus
332 1123 364 1177 in
381 1122 440 1177 hoc
458 1141 520 1178 uno
540 1135 676 1193 tempore
696 1123 783 1179 venit
799 1124 910 1179 honos!

141 1213 164 1267 0
183 1212 259 1266 mihi
276 1211 453 1284 Erythraeis
473 1211 582 1265 merito
602 1210 749 1282 signanda
767 1211 888 1282 lapillis,

176 1303 200 1357 0
220 1301 296 1355 mihi
313 1301 439 1356 delicias
459 1300 540 1355 inter
558 1300 697 1356 habenda
715 1318 807 1355 meas.

143 1389 288 1462 Quisquis
307 1389 385 1455 ades,
405 1391 484 1444 bona
500 1390 601 1461 verba,
623 1395 653 1443 et
672 1389 769 1444 laetos
788 1387 869 1443 edite
888 1393 1006 1458 cantus,

177 1477 310 1550 Libaque
330 1478 366 1532 de
386 1477 489 1533 Siculo
508 1477 610 1533 dulcia
628 1478 719 1532 melle
738 1477 817 1532 date.

142 1566 219 1623 Alba
237 1566 313 1621 mihi
331 1566 426 1623 vestis
445 1567 530 1623 nullo
550 1565 664 1622 violata
683 1584 801 1621 veneno

176 1657 273 1724 Adsit,
292 1657 375 1713 etin
394 1657 531 1728 geminos
550 1655 664 1710 defluat
678 1661 749 1727 apta
765 1657 863 1727 pedes.
884 1677 886 1683 ’

141 1749 220 1804 Ante
240 1766 323 1803 aram
341 1747 432 1803 viridi
450 1752 558 1801 texant
575 1747 752 1801 umbracula
770 1764 886 1818 quercu

177 1838 328 1893 Formosis
346 1837 491 1909 Dryades
512 1835 628 1892 rustica
641 1835 741 1904 turbo,
762 1835 863 1891 comis.

142 1927 282 1983 Phoebus
302 1926 426 1982 odorata
445 1927 560 1981 circum
580 1931 664 1997 tegat
683 1925 761 1980 atria
779 1925 873 1990 laur0,

177 2020 219 2075 At
237 2024 336 2091 myrto
355 2017 491 2089 duplices
512 2024 555 2083 tu,
576 2016 735 2089 Cytherea,
753 2015 844 2071 fores.

144 2108 214 2179 Ipsa
232 2108 366 2164 Arabum
386 2125 501 2164 meroes
519 2106 623 2162 Niseia
641 2106 731 2161 turba
750 2106 911 2173 ministret,

176 2200 377 2271 Lenaeusque
395 2198 475 2252 ferat
493 2197 592 2252 Naxia
610 2196 683 2253 vina
701 2197 800 2252 Pater.

142 2287 249 2344 Omnia
268 2287 330 2343 sint
348 2287 438 2342 laetis
457 2293 581 2358 operata
599 2304 637 2341 ex
657 2285 762 2341 ordine
782 2285 885 2352 sacris,

177 2379 218 2432 Et
238 2378 357 2432 coelum
377 2376 476 2432 niveis
496 2382 672 2448 constrepat
692 2375 826 2432 alitibus.

142 2467 254 2537 Magna
271 2483 378 2537 parens
397 2466 489 2531 Juno,
512 2471 636 2520 centum
656 2464 802 2520 comitata
820 2464 975 2531 ministris,

177 2557 248 2613 Huc
267 2557 346 2623 ades,
367 2563 399 2611 et
417 2555 499 2611 votis
519 2573 627 2621 annuc,
646 2555 733 2621 Diva,
753 2556 836 2612 meis.

142 2650 202 2705 Vos
221 2666 350 2720 quoque,
363 2664 417 2717 per
436 2664 568 2702 vacuum
582 2665 659 2718 quae
679 2646 784 2702 luditis
801 2652 879 2709 adro¹
894 2647 1060 2721 Nymphae,

181 2737 300 2809 Cingite
318 2737 404 2793 felici
422 2736 528 2792 nubila
546 2754 663 2791 summa
683 2737 783 2791 choro.

143 2827 267 2884 Scilicet
287 2832 417 2882 eventus
435 2824 511 2880 haec
531 2825 594 2880 sint
613 2826 691 2881 bona
710 2826 796 2896 signa
815 2825 920 2893 futuri,

177 2917 263 2972 Haec
282 2915 388 2970 eadem
405 2915 513 2984 plenae
534 2914 648 2968 nuncia
667 2913 813 2970 laetitiae.

142 3008 211 3079 lpse
231 3025 287 3077 ego
307 3013 410 3062 vestra
428 3024 538 3078 sequar
553 3005 689 3078 jucundo
709 3005 819 3076 gaudia
837 3003 954 3075 plausu,

178 3101 219 3154 Et
236 3115 379 3169 peragam
397 3098 497 3153 varios
519 3115 570 3151 ore
591 3112 743 3166 manuque
763 3092 875 3148 modos:

144 3187 227 3255 Quin
245 3187 339 3242 etiam
357 3187 448 3242 sertis
468 3192 499 3241 et
518 3193 586 3240 ture
607 3183 777 3239 calentibus
796 3180 863 3247 aris,

174 3277 331 3348 Excipiam
350 3282 456 3332 sancta
475 3275 606 3330 Numina
619 3278 722 3329 vestra
735 3273 793 3328 die.

142 3369 185 3424 At
203 3374 247 3437 tu,
266 3365 392 3432 Natalis,
412 3365 512 3420 nullos
531 3382 592 3418 non
609 3363 711 3418 fauste
730 3381 783 3435 per
801 3379 904 3427 annos,

179 3457 304 3526 Semper
320 3455 468 3511 honorata
485 3456 553 3510 luce
572 3471 698 3510 screnus
719 3470 777 3509 eas.

142 3545 290 3617 Quodque
306 3551 384 3617 opto,
396 3545 570 3600 iunumeras
585 3541 694 3614 (siquid
702 3560 792 3613 prece
805 3558 892 3613 posse
905 3545 1059 3610 putamur»

178 3632 309 3688 Oumeae
328 3632 432 3689 vincas
452 3632 541 3690 Vatis
561 3629 754 3700 Olimpiadas.
