2498 4012
662 352 706 405 11.

346 499 474 577 QUOD
498 498 625 565 DUAS
647 496 860 563 PARITER
882 494 1019 561 ΑΜΕΤ

533 639 759 693 (epigrammaton
773 637 841 692 Lib.)

213 801 262 854 An
282 799 356 853 mihi
375 818 445 854 cara
465 800 547 870 Nape
568 799 684 869 magis?
702 817 742 853 en
761 817 848 870 mage
868 816 938 853 eata
956 799 1101 856 Neaera?

246 889 322 944 Gara
341 890 424 959 Nape
444 889 518 943 mihi
537 895 591 957 est,
612 907 682 943 cere.
700 889 819 943 Neaera
837 887 918 942 mihi.

211 979 347 1048 Utraque
370 996 438 1031 cera
458 996 554 1050 aeque
574 984 628 1045 est,
648 977 710 1049 ipse
732 995 828 1049 aeque
848 996 937 1034 carus
956 979 1095 1052 utrique,

244 1065 309 1135 Ille,
330 1066 380 1120 vel
399 1065 453 1120 illa
472 1066 547 1121 meis
568 1065 669 1120 carior
688 1071 735 1121 est
755 1064 860 1120 oeulis,

208 1156 296 1210 Nune
316 1173 372 1226 ego
393 1162 477 1211 totus
496 1156 527 1210 in
546 1156 603 1211 hae
622 1155 702 1224 vivo,
722 1174 804 1211 nune
823 1161 908 1210 totus
928 1155 959 1210 in
979 1156 1043 1227 ille,

245 1245 323 1300 Vivo
343 1245 374 1299 in
394 1253 522 1318 utreque
542 1247 641 1315 simul,
661 1253 792 1318 utraque
811 1245 854 1300 mi
871 1263 933 1300 una
953 1247 1061 1302 eadem
1084 1256 1140 1306 ese

209 1335 299 1390 Basia
313 1335 417 1408 junge,
436 1339 566 1407 Neaere5
585 1338 668 1409 Nape
688 1353 808 1410 quoque
827 1335 916 1392 Basia
931 1337 1053 1410 junget,

244 1426 397 1498 Quodque,
417 1428 511 1498 Nape,
530 1427 657 1493 dederis,
677 1427 784 1498 pulcra
801 1426 919 1481 Neaera
937 1427 1031 1483 dabit.

649 1691 711 1744 111.

282 1837 345 1901 DE
371 1835 537 1903 AMORE
561 1837 843 1904 OSOULANTE
866 1835 1079 1903 LAURAM

478 1940 542 1982 ΘΗΜ
560 1941 692 1980 ΜΑΤΒΕΜ
710 1940 876 1981 ΟΒΕΒΕΒΕΤ

517 2051 750 2106 (Epigrammeton,
766 2053 833 2106 Lib.)

207 2212 292 2268 Vidit
312 2231 395 2267 amor
414 2215 554 2281 Lauram,
574 2220 606 2268 et
625 2219 753 2269 matrem
772 2220 856 2270 ratus
876 2213 982 2269 oscula
997 2212 1108 2285 junxit

242 2305 354 2359 Oscula
373 2322 449 2376 quae
470 2303 560 2359 misto
580 2308 684 2360 toxica
702 2304 794 2361 melle
812 2304 927 2373 ferunt,

206 2393 292 2449 Ussit
313 2400 343 2448 et
363 2393 485 2461 exarsit,
505 2393 705 2466 flammaeque
723 2394 805 2449 haud
823 2411 935 2466 gnarus
953 2394 1104 2450 acerbum

241 2482 344 2537 Flevit
363 2489 393 2538 et
413 2481 444 2536 in
463 2483 605 2553 pharetra
624 2483 752 2539 credidit
772 2500 838 2539 esse
857 2484 949 2538 dolos.

205 2570 368 2626 Convolvit
388 2572 527 2627 calamos.
548 2572 659 2628 Nullus
678 2591 754 2642 reue,
773 2575 821 2642 ah,
840 2592 900 2645 rea,
918 2571 997 2629 dixit

240 2663 347 2731 Meter,
367 2661 398 2716 in
417 2662 474 2716 hoe
493 2661 610 2718 omneis
628 2663 754 2718 vulnere
775 2680 806 2718 es
825 2663 892 2719 ulta
909 2661 1001 2720 feces.

646 2926 699 2979 IV.

367 3073 433 3142 AD
456 3072 740 3142 LUORE'PIAM
762 3070 983 3141 BORGIAM

522 3176 826 3219 GENETHLIAOON

544 3288 709 3342 (elegiarum
723 3285 800 3339 Lib.)

200 3445 303 3512 Audit,
323 3445 361 3514 io,
380 3448 502 3504 tandem
520 3447 648 3520 populos
667 3446 785 3502 Lueine
803 3451 976 3516 precenteS,

242 3533 345 3605 Audit,
367 3535 396 3592 io
417 3554 554 3595 summus
573 3537 696 3609 publiea
714 3541 787 3592 vote
804 3541 899 3606 pater.
