2498 4012
127 375 176 431 En
194 381 299 447 optata
316 377 369 433 diu
389 378 474 433 coelo
493 376 668 450 dignissima
686 378 794 449 proles

160 465 240 519 Ecce
260 464 365 519 decem
383 482 501 520 menses
521 483 598 538 quas
616 481 761 536 peperere
781 465 867 519 bona.

124 552 236 610 Rideat
254 553 351 610 omnis
370 572 451 624 agor,
470 554 527 610 tibi
545 554 643 610 rideat
661 553 759 610 omnis
778 553 932 625 Olympus,

159 644 200 697 Et
218 643 313 713 patris
333 649 365 698 st
382 643 488 699 matris
507 645 616 716 gaudia
634 663 750 714 magna,
769 661 853 715 puer.

125 730 243 786 Cuncta
260 732 393 787 secunda
411 738 465 787 tuo
484 733 571 788 nobis
590 732 771 804 spondemus
790 733 827 786 ab
846 737 924 803 ortu,

158 821 222 875 Nec
241 820 316 875 bene
337 839 422 876 mens
441 823 507 878 voti
527 823 724 892 laetitiaeque
744 838 847 892 capax.

123 908 240 964 Gaudia
257 915 344 965 tanta
362 912 484 967 modum
503 917 655 983 superant,
675 916 879 982 superantque
898 926 1037 964 recessus

72 1008 75 1014 '
157 999 296 1055 Pectoris
317 1007 349 1056 et
366 1000 460 1056 nimia
478 1002 558 1056 mole
577 1002 696 1057 minora
713 1007 813 1070 putes

121 1087 189 1141 Non
208 1088 298 1143 aliter
316 1092 436 1161 patulas
455 1091 567 1147 nimius
587 1106 681 1148 sonus
699 1089 826 1160 impedit
843 1106 939 1158 aures,

157 1177 226 1232 Non
246 1178 336 1233 aliter
354 1179 482 1235 nimium
500 1180 616 1235 lumina
634 1186 736 1234 nostra
751 1178 848 1249 jubar.

120 1264 194 1320 Pars
213 1273 437 1338 quotacumque
457 1275 561 1324 tamen
573 1268 700 1340 populos
710 1267 766 1322 tibi
784 1272 935 1322 monstret
953 1271 1091 1341 ovantes,

157 1355 261 1412 Omnis
280 1356 439 1414 odoriferis
458 1358 578 1430 ignibus
597 1345 657 1414 ara
670 1358 758 1413 calet.

122 1442 200 1498 Sunt
218 1461 273 1500 sua
291 1446 417 1516 Junoni,
437 1453 510 1503 sunt
528 1455 561 1503 et
579 1466 634 1504 sua
652 1448 732 1503 dona
750 1445 902 1502 Tonanti

156 1535 197 1588 Et
215 1552 271 1590 sua
289 1538 524 1597 munerahabet
543 1544 664 1593 caetera
682 1538 772 1593 turba
789 1539 898 1592 Derim.

120 1623 141 1678 J
143 1641 191 1677 um
210 1623 284 1694 fora,
300 1626 363 1697 jam
381 1627 451 1695 vici,
466 1627 529 1699 jam
546 1627 667 1683 fervent
687 1627 819 1698 compita
837 1623 973 1693 flammis,

156 1714 227 1768 Jam
247 1731 343 1771 novus
361 1715 393 1770 in
412 1721 479 1772 tota
496 1715 647 1788 promicat
664 1716 739 1771 urbs
758 1715 847 1769 nitor.
891 1744 894 1752 ·

119 1801 278 1874 Atriisque
296 1822 404 1859 sonum
423 1794 497 1860 dant
515 1804 636 1858 tinnula
654 1803 789 1858 turribus
807 1820 887 1870 aera,

164 1897 206 1950 Et
223 1895 339 1951 bombis
359 1896 452 1951 tellus
470 1893 632 1968 grandibus
652 1894 714 1949 icta
732 1892 853 1962 tremit;

118 1989 259 2058 Dumque
279 1990 326 2040 tot
344 1984 469 2040 exaudit
487 1984 629 2040 simulata
647 1981 784 2037 tonitrua
803 1981 929 2050 coelum,

152 2077 193 2130 Et
212 2080 325 2145 stupet,
344 2073 454 2145 hicque
473 2073 567 2128 alium
587 2070 684 2127 credit
703 2071 807 2126 adesse
825 2070 943 2138 Jovem,

117 2167 158 2221 Et
176 2180 230 2219 nos
249 2162 329 2218 forte
348 2162 425 2234 polis
445 2161 561 2217 inhiare
580 2160 749 2216 nitentibus
767 2160 879 2227 horret,

152 2253 215 2310 Ceu
234 2257 288 2307 tua
306 2271 368 2307 non
387 2253 473 2307 coelo
491 2257 573 2307 terra
591 2252 681 2305 beata
698 2249 803 2321 magis;

115 2341 160 2396 Ne
179 2340 294 2409 timeat,
315 2357 440 2410 superos
460 2346 600 2411 optemus
618 2345 655 2394 ut
673 2339 715 2394 ire
736 2344 871 2410 penates,

150 2430 208 2485 Sed
226 2447 262 2484 ne
283 2429 321 2484 ad
339 2446 394 2483 nos
413 2429 515 2500 potius
534 2428 624 2483 turba
644 2428 774 2499 superba
793 2434 870 2483 ruat.

115 2519 136 2575 J
138 2537 186 2573 am
204 2518 278 2574 colit
294 2520 349 2573 has
369 2519 454 2574 sedes
472 2517 590 2589 superis
608 2519 737 2573 Astraea
755 2517 872 2574 relictis

149 2610 189 2664 Et
208 2608 258 2679 pia
277 2626 347 2663 cum
366 2625 451 2662 sacra
472 2606 632 2677 relligione
651 2607 734 2663 fides,

114 2692 174 2747 Hic
192 2694 305 2760 Venus,
324 2692 373 2745 hic
392 2691 540 2761 Charites,
559 2690 609 2745 hic
629 2697 676 2747 est
694 2691 849 2746 moderata
866 2693 1023 2762 Voluptas,

148 2781 207 2837 Hic
226 2785 320 2838 Amor
338 2781 521 2849 arcitenens,
542 2781 773 2852 arcitenensque
791 2783 865 2848 Dea,

112 2871 172 2926 Hic
192 2877 291 2926 castae
311 2869 445 2925 Aonides
464 2875 496 2924 et
515 2887 584 2925 cum
603 2868 759 2924 Tritonide
777 2868 927 2936 Phoebus,

148 2959 388 3031 Sceptriferaque
407 2958 526 3012 habitat
544 2959 624 3013 Juno
643 2957 776 3013 verenda
794 2973 894 3022 manu,

111 3049 180 3104 Hoc
197 3048 406 3119 quodcumque
424 3046 496 3101 boni
514 3045 571 3100 tibi
589 3063 644 3101 nos
664 3045 771 3100 debere
790 3043 931 3098 fatemur.

146 3137 263 3208 Borgia,
283 3138 348 3192 sola
365 3137 522 3191 hominum
540 3141 613 3191 nata
631 3138 721 3191 beare
740 3149 844 3205 genus.

111 3229 248 3286 Accedus
266 3227 392 3299 Libyen,
412 3225 557 3298 quidquid
575 3230 662 3280 tenet
679 3223 733 3278 illa
751 3221 869 3291 veneni,

146 3317 265 3385 Perdet,
284 3322 317 3371 et
335 3334 353 3370 a
370 3316 461 3373 vultu
480 3316 533 3369 fiet
553 3332 679 3369 amoena
697 3320 760 3368 tuo.

109 3406 247 3465 Accadas
264 3403 376 3473 Nilum,
397 3403 495 3459 saevis
515 3401 601 3457 cadet
619 3401 664 3456 ira
683 3400 825 3470 colubris,

148 3497 223 3552 Tam
242 3495 320 3551 bona
336 3493 434 3549 forma
451 3500 569 3548 trucem
587 3489 705 3546 molliat
722 3487 918 3562 Antiphaten.

126 3773 181 3816 8-
194 3771 283 3818 00111.
297 3771 355 3817 Ant.
370 3770 435 3815 della
449 3769 523 3814 lirico
536 3767 627 3812 latinu.
