2498 4012
608 383 656 436 11.

410 575 420 591 .
457 533 527 600 DE}
560 530 820 605 EULALIA.

482 673 653 727 (carminum,
669 673 725 718 Lib.
740 673 777 725 ιι.)

201 845 246 902 Ut
263 843 353 911 bella,
372 834 408 900 ut
425 845 543 911 blanda,
562 851 599 900 ut
616 845 724 917 lepida,
743 852 838 918 utque
858 847 1023 903 venustula
1040 847 1120 903 ludit

236 933 358 989 Eulalia
375 934 519 1005 hispanae
540 935 604 990 filia
621 935 805 1006 Pasiphiles!

201 1025 247 1082 Ut
264 1024 341 1078 bene
360 1029 514 1079 maternos
533 1023 672 1079 imitatur
689 1026 817 1095 parvula
835 1043 942 1091 mores,

237 1111 364 1179 Incedit,
384 1118 511 1186 spectat,
531 1112 620 1182 ridet,
640 1113 711 1184 agit,
730 1113 874 1186 loquitur.

202 1200 309 1258 Omnia
328 1207 364 1255 ut
382 1199 437 1255 illa
454 1200 538 1268 fecit,
559 1202 683 1257 tandem
697 1201 761 1274 jam
779 1203 893 1274 fingere
912 1201 1008 1270 novit,

237 1291 279 1345 Et
296 1288 355 1345 sibi
373 1290 409 1345 de
429 1296 536 1347 tenero
556 1308 632 1362 quos
650 1297 733 1346 amet
752 1308 854 1363 ungue
873 1291 958 1364 legit.

200 1381 225 1437 Ο
244 1381 323 1435 bona
341 1380 489 1436 sectatrix
508 1380 614 1436 matris
632 1387 713 1453 nata,
734 1398 750 1435 o
770 1381 848 1436 bona
867 1387 965 1436 mater

237 1470 312 1524 Tam
329 1471 405 1524 bene
426 1469 569 1524 dilectam
588 1487 665 1541 quae
684 1468 821 1526 instituis
840 1471 984 1526 sobolem!

200 1559 245 1616 Ut
263 1558 320 1614 tibi
338 1558 589 1631 quandocumque
609 1559 735 1630 obrepat
753 1559 883 1615 inertior
901 1566 993 1627 setae,

236 1647 313 1704 Oum
330 1647 476 1703 meretrix
494 1666 610 1720 nequas
628 1647 741 1715 vivere,
760 1647 831 1703 lena
849 1666 952 1721 queas.

181 1826 440 1881 Quest’epigrsmma,
456 1828 587 1880 composto
601 1824 811 1880 probsbilmonto
824 1835 902 1870 verso
916 1826 938 1869 il
952 1826 1010 1875 1500,
1026 1825 1050 1870 si
1062 1825 1123 1869 rife-

137 1894 208 1939 risoe
223 1894 342 1948 squello
360 1897 445 1938 stesso
458 1904 546 1937 amore
569 1891 617 1935 che
642 1891 716 1937 dotto
729 1905 745 1935 a
760 1892 893 1936 Lndovioo
907 1892 1014 1947 l’elogis
1029 1906 1045 1936 s
1058 1892 1123 1937 Pan·

137 1959 212 2006 dolfo
226 1973 241 2004 e
255 1960 347 2014 quella
361 1959 389 2004 sl
403 1959 508 2006 Bombo.
523 1957 575 2004 cfr.
592 1958 727 2004 (isannem.
744 1957 788 2012 01).
805 1959 863 2013 oia,
878 1959 924 2002 137.

603 2284 664 2336 111.

511 2431 563 2496 IN
585 2429 752 2497 LENAM

483 2570 652 2624 (Uerminam,
673 2570 729 2617 Lib.
744 2573 780 2624 ιι.)

267 2745 334 2812 Abi,
352 2762 447 2802 vorax
466 2760 552 2812 anus,
572 2744 635 2800 tuis
655 2763 724 2800 cum
742 2744 895 2801 blandulis

266 2834 338 2891 Istis
357 2833 497 2907 susurris,
518 2834 639 2906 cognita
658 2840 705 2890 est
724 2834 799 2889 mihi
816 2834 891 2890 satis

267 2924 423 3004 Superque
443 2929 547 2980 vestra
564 2923 675 2992 (serius
694 2922 781 2990 licet)
798 2923 881 2978 fides.

265 3015 335 3069 Non
353 3031 421 3069 sum
440 3013 493 3069 ille
513 3031 576 3086 ego,
596 3031 687 3084 quem
705 3012 829 3083 impune
847 3010 929 3068 votis
948 3011 1053 3068 ludere

265 3103 325 3157 Fas
343 3101 454 3174 iugiter
472 3101 513 3158 sit
530 3100 652 3157 feminis
669 3100 836 3172 rapacibus,

266 3193 311 3250 Ut
329 3200 364 3250 ut
381 3192 466 3266 piget
484 3210 532 3247 me
551 3198 615 3247 tam
633 3191 686 3246 din
704 3189 835 3246 fallaciis

267 3284 384 3341 Vestris
403 3289 566 3348 retentum,
586 3282 658 3337 dum
676 3281 779 3337 miseri
796 3279 861 3336 dari
879 3297 947 3336 reor

266 3373 373 3430 Dulcis
391 3372 466 3429 mihi
483 3371 603 3427 fructus
621 3369 731 3426 amoris
750 3369 849 3435 unice,

266 3463 350 3530 Quos
369 3461 502 3535 comperi
520 3468 590 3534 post
609 3478 678 3517 cum
696 3460 810 3532 pudore
829 3459 963 3515 maximo

267 3552 319 3608 Illi
338 3553 432 3621 datos,
453 3557 485 3610 et
502 3551 550 3607 illi
567 3558 600 3610 et
618 3548 666 3605 illi
684 3556 716 3606 et
735 3547 874 3607 omnibus
