2498 4012
561 468 605 518 II.

391 617 465 685 AD
497 617 767 685 LYGIDAM

430 759 599 812 (ear-minum,
627 759 682 803 Lib.
699 761 726 813 ι.)

168 932 258 1000 'Quid
277 932 330 988 fles
349 933 526 1000 luminibus,
546 934 671 1007 Lygida,
692 953 738 989 me
759 933 821 989 tuis

215 1023 313 1089 Quem
332 1022 452 1092 perdis?
472 1025 541 1078 Mea
559 1031 591 1078 te
610 1023 720 1079 funera
739 1042 800 1078 non
820 1028 953 1087 movent,

213 1112 301 1178 Quod
319 1129 368 1165 me
388 1118 486 1166 morte
506 1112 604 1183 perire

210 1201 339 1271 Indigna
357 1199 502 1256 miserum
521 1201 625 1259 vides?

70 1348 73 1355 ,
178 1289 227 1343 Me
247 1287 338 1343 nullis
357 1290 478 1358 placeat
497 1291 604 1345 tollere
625 1290 767 1346 laudibus

215 1379 265 1445 Te,
287 1395 335 1432 me
356 1387 391 1433 tu
411 1378 523 1434 metuis
543 1380 655 1450 perfida
674 1385 828 1434 mortuum

210 1466 409 1536 Extinguaris
429 1475 461 1523 et
480 1469 545 1540 ipsa

211 1557 260 1612 Me
280 1557 418 1612 extincto
437 1557 551 1628 pariter
571 1565 632 1613 tue.

177 1646 261 1711 Quae
281 1645 413 1701 accessit
431 1646 550 1701 Paridis
570 1647 700 1703 navibus
720 1647 800 1701 Ilion

210 1736 259 1791 Sic
279 1755 388 1808 magno
407 1737 522 1808 gemitu
540 1738 670 1793 fleverat
688 1739 832 1804 Hectore,

214 1826 282 1881 Non
301 1827 382 1898 quod
401 1844 508 1882 caesus
527 1826 648 1883 Achille

211 1916 242 1970 Is
262 1934 353 1971 causa
370 1913 452 1971 foret
471 1916 562 1983 illius,

175 2006 218 2060 At
235 2005 315 2077 quod
334 2023 394 2060 non
414 2005 554 2078 Phrygiis
572 2011 659 2076 grata
677 2005 766 2076 foret,
784 2024 883 2076 neque

209 2094 315 2152 Ullius
334 2095 473 2150 manibus
493 2094 600 2150 militis
620 2096 749 2166 amplius

211 2184 248 2239 Se
267 2201 300 2239 se
318 2184 441 2238 eredere
460 2189 571 2254 posset,

209 2273 273 2328 Nee
286 2273 357 2364 0vita
376 2270 492 2343 placide
511 2271 581 2327 frui.

479 2590 485 2602 ·
537 2575 598 2627 ΙΙΙ.

311 2726 375 2792 DE
399 2726 537 2794 JULIO
562 2729 696 2795 PONT.
714 2729 832 2793 MAX.

422 2877 592 2932 (Uerminam,
608 2878 663 2922 Lib.
680 2880 724 2930 ιν.)

137 3047 211 3114 Quis
230 3056 269 3116 te,
289 3056 395 3105 sancte
415 3056 508 3120 pater,
528 3050 640 3106 Janum
659 3067 719 3104 non
738 3049 795 3104 rite
817 3047 941 3115 vocarit,

138 3135 169 3193 Si
189 3137 295 3204 virtus,
315 3138 341 3193 si
360 3137 459 3192 forma
478 3138 591 3203 eadem,
612 3139 637 3193 si
655 3138 737 3191 faeta
755 3137 917 3209 utriusque

138 3226 354 3282 Conveniunt?
372 3228 421 3281 Illi
438 3225 542 3297 junxit
561 3226 621 3280 tria
640 3226 784 3296 Juppiter
803 3245 863 3293 ora,

137 3311 179 3364 Et
198 3308 282 3363 dedit
300 3327 367 3364 esse
387 3310 468 3363 inter
487 3309 646 3364 terrestria
665 3309 791 3364 numina
810 3328 921 3381 regem,

135 3399 238 3468 Atque
258 3397 341 3454 vices
362 3414 483 3454 servare
504 3416 574 3453 suas
593 3398 729 3468 latioque
749 3400 871 3456 locavit.

141 3486 189 3542 Tu
209 3493 301 3557 eaput
320 3493 351 3542 et
369 3487 498 3559 triplicis
518 3487 605 3559 regni
623 3488 783 3545 redimitus
802 3490 914 3545 honore

138 3576 246 3650 Tuque
259 3575 418 3633 hominum
437 3578 587 3653 princepe
601 3577 715 3634 Divfim
729 3581 781 3655 qui
794 3599 879 3638 secra
891 3562 1074 3647 ministrant,
