2498 4012
592 383 637 434 11.
737 389 740 397 ¹

444 528 788 599 LAORYMAE

464 654 656 709 (Farraginem,
674 655 729 699 Lib.
745 656 773 706 ι.)

258 817 337 887 Ergo
357 822 421 871 tam
439 832 574 887 propere,
594 832 665 886 ergo
685 822 749 869 tam
767 824 899 887 repente

256 908 382 962 Aestate
402 905 433 960 in
454 905 551 959 media
570 911 640 959 tuae
657 904 815 975 juventae,

256 997 337 1050 Dum
355 994 475 1050 fructus
494 993 575 1048 uteri
593 993 711 1065 feraciS,
732 1001 763 1048 et
781 995 852 1048 dum

258 1085 368 1140 Partus
388 1083 493 1139 munia
511 1084 592 1138 laeta
611 1083 841 1154 praestolamur,

257 1174 340 1242 Abia,
360 1173 470 1229 Delia?
489 1173 617 1237 Phoebe,
638 1171 722 1227 abis?
742 1172 926 1244 relinquens

254 1263 371 1334 Turpes
391 1262 422 1316 in
440 1263 592 1334 lacrymas
612 1271 643 1317 et
662 1264 768 1316 urbem
788 1272 820 1317 et
839 1264 977 1322 orbem?

255 1353 315 1409 Illa
332 1370 404 1423 ergo
423 1353 517 1408 rutila
536 1359 626 1422 astra,
645 1353 756 1423 sydera
776 1370 848 1422 ergo

257 1444 315 1499 Illa
333 1461 478 1516 gemmea,
498 1461 576 1514 quae
594 1443 747 1498 nitentem
765 1449 798 1498 et
818 1443 888 1498 urbi

257 1534 358 1605 Atque
378 1533 443 1588 orbi
463 1533 636 1603 explicuere
657 1532 769 1602 ubique
788 1532 887 1587 solem

257 1624 298 1679 Et
316 1621 396 1677 diem
415 1622 508 1677 radiis
527 1623 627 1677 tulere
646 1621 738 1693 puris,

258 1712 326 1767 Nox
345 1720 412 1767 atra
430 1710 608 1784 occupat'et
627 1712 747 1768 voracis
766 1711 836 1767 Orci

260 1800 412 1857 Lethaeus
430 1819 521 1872 sopor
539 1809 570 1856 et
589 1801 733 1856 tenebrae
753 1800 889 1855 inertes?

258 1891 353 1956 Eheu,
373 1892 564 1962 Persephone
585 1890 685 1960 impia,
706 1889 797 1960 impia
815 1889 896 1945 eheu

260 1982 397 2050 Quivisti
415 2002 508 2039 aurea
526 1984 605 2051 licia,
624 2001 751 2040 aureum
770 1982 846 2037 illud

260 2071 368 2128 Velius
387 2072 578 2128 exsoluisse?
598 2073 695 2138 Flete,
716 2073 849 2135 Amores,

263 2164 347 2230 Quot
366 2169 441 2234 quot
461 2163 534 2218 estis
553 2181 668 2218 amare:
689 2162 791 2217 adeste
811 2160 911 2230 passis

261 2252 401 2308 Crinibus
420 2252 611 2324 Paphiaeque
632 2251 829 2322 Gratiaeque:

261 2340 388 2394 Plorent
406 2339 583 2406 Munditias,
602 2346 704 2411 gemat
722 2341 875 2395 Venustus

261 2432 387 2487 Exculti
405 2433 497 2487 decus
516 2431 575 2486 oris
594 2431 757 2503 ingenique

263 2520 338 2575 Rari
357 2520 481 2576 delicias
500 2528 532 2576 et
552 2521 723 2592 elegantem

262 2608 459 2680 Majestatem
478 2610 571 2665 animi
590 2610 760 2666 serenioris.

263 2699 312 2754 Ah
331 2698 482 2755 desideria
500 2699 596 2766 irrita,
616 2699 654 2754 ah
673 2699 797 2770 fugaces

262 2790 337 2860 Spes
358 2789 548 2859 mortalium
568 2790 661 2845 ocelli
679 2790 732 2844 ubi
750 2789 805 2856 illi,
824 2789 920 2844 Amor
939 2791 1036 2862 queis

267 2881 400 2952 Sagittae
415 2880 517 2952 jacere
537 2880 688 2952 improbas
708 2880 849 2937 solebat?

266 2970 361 3037 Queis
381 2971 483 3027 ridens
502 2970 568 3026 face
589 2971 760 3026 Verticorde
780 2969 866 3025 edaci

263 3059 380 3116 Urebat
399 3059 579 3115 miserorum
598 3060 709 3132 ubique
729 3058 837 3114 corda?

264 3147 325 3203 Hie
344 3148 476 3215 bustum,
496 3147 546 3202 hic
564 3147 706 3222 lacrymis
725 3148 822 3219 rigate
842 3164 985 3221 marmor,

267 3237 429 3292 Formosae
449 3238 599 3310 Dryades:
619 3237 720 3293 ferant
738 3238 878 3307 Napaeae

268 3326 395 3382 Costum
415 3334 447 3381 et
465 3327 614 3383 balsama:
634 3333 744 3384 vernet
761 3326 811 3382 hic
831 3332 861 3381 et
879 3325 952 3381 inde

265 3413 343 3470 Aiax
362 3422 394 3470 et
414 3434 483 3471 rosa
500 3415 633 3488 regiique
653 3416 744 3471 flores

265 3504 352 3568 Veris
370 3505 510 3576 perpetui
527 3524 659 3576 perenne
678 3523 797 3561 munus

265 3593 345 3648 Proh
365 3594 475 3651 Parcas
493 3594 621 3650 nimium
640 3594 834 3651 licentiosas!
926 3589 930 3592 ⁴
1013 3593 1018 3600 ’
