2498 4012
132 258 168 317 34

148 365 237 419 Nunc
258 380 312 433 ego
332 363 457 418 Medeae
476 379 536 434 quo
555 361 637 433 fugit
654 361 769 417 Jascna
787 378 914 417 currum

185 451 328 523 Optarim,
348 451 482 534 volucris
502 448 742 522 Triptolemique
760 454 852 505 rotas.
893 486 897 493 -

147 540 272 596 Scilicet
290 545 326 593 ut
345 538 492 595 Dominae
513 536 614 592 subito
633 535 838 608 improvvisus
856 537 1005 605 adessem,

182 630 317 684 Duceret
336 626 471 697 ingratas
490 644 552 681 non
571 625 621 681 via
638 623 730 697 longa
747 642 858 681 moras.

147 719 215 785 Quo
233 734 370 789 propero,
393 715 522 771 infelix?
540 732 703 787 pergame
721 731 774 787 per
791 732 901 787 aspera
918 716 1014 772 saxa?

181 806 239 860 Per
257 803 372 876 gelidas
391 803 484 874 Alpes
504 808 729 875 perpetuasque
748 802 857 859 nives?

147 896 234 963 Quod
254 896 282 949 si
301 896 455 949 latronum
475 898 618 949 occurrat
636 910 745 950 manus
763 892 864 965 impia,
884 892 984 965 raptis

182 984 327 1039 Vestibus
347 982 458 1037 immiti
477 998 554 1055 quac
572 987 658 1052 petat
677 998 748 1039 ense
768 981 882 1054 caput?

146 1076 210 1129 Aut
228 1090 388 1128 nemorum
407 1071 542 1144 latebris,
561 1078 615 1127 aut
633 1071 697 1127 alto
716 1077 820 1127 monte
839 1078 972 1131 ruentes

182 1163 358 1218 Dilacereut
377 1161 499 1216 rabidae
519 1162 656 1217 membre
674 1167 800 1217 cruenta
818 1160 925 1217 ferae?

145 1251 292 1307 Novimus
313 1249 463 1305 infaustos
482 1266 580 1315 casus,
599 1247 775 1305 discrimina
792 1257 962 1319 amantum,

181 1340 258 1395 Fata
277 1341 400 1395 obstant
418 1339 509 1393 laetis
528 1338 633 1395 invida
650 1337 817 1411 principiis.

144 1429 293 1500 Pyramus
313 1428 489 1498 exemplum
508 1428 632 1498 praebet
651 1427 882 1500 miserandaque
901 1429 1034 1503 Thysbe,

180 1518 263 1584 Quos
283 1517 385 1588 rapuit
404 1516 498 1572 simili
516 1534 597 1571 mors
615 1515 753 1572 violente
770 1516 867 1572 modo.

145 1606 245 1661 'Pestis
264 1607 350 1661 adest
370 1606 487 1661 animos
507 1605 557 1661 cui
576 1604 697 1660 conscia
715 1605 802 1677 virgo
821 1607 946 1662 natanti

179 1693 273 1763 Saepe
294 1692 326 1747 in
346 1710 473 1749 arenoso
495 1692 599 1747 littore
618 1690 685 1749 visa
703 1692 795 1749 dedit.

143 1782 200 1835 Ille
219 1800 273 1853 per
292 1782 412 1836 insanas
432 1781 538 1836 mediis
558 1781 761 1854 Aquilonibus
779 1783 879 1839 undas

178 1871 254 1935 ibat,
274 1876 310 1925 ut
329 1877 433 1941 optata
451 1876 556 1941 posset
575 1875 697 1925 amante
716 1869 787 1927 frui.

143 1958 206 2013 Nec
226 1976 369 2014 revocare
391 1958 491 2014 minus
509 1958 639 2030 genitor,
658 1977 716 2013 nec
734 1957 859 2014 flectere
878 1966 981 2016 mater

178 2047 295 2102 Blanda
313 2053 422 2117 potest,
442 2047 525 2101 ultro
543 2047 596 2102 sed
615 2046 771 2118 periturus
788 2046 861 2103 abit.

142 2136 272 2206 Jamque
291 2136 461 2205 procelloso
480 2134 637 2206 positurus
655 2135 688 2189 in
708 2153 838 2207 aequore
858 2135 971 2209 vitam,

177 2223 237 2277 Hei
256 2223 329 2276 mihi
348 2224 556 2294 congeminat:
576 2224 664 2279 Sesta
683 2225 793 2294 puella,
813 2224 892 2281 vale.

33 2386 36 2391 ⁴
142 2312 228 2366 Sesta
246 2312 357 2382 puella,
376 2311 454 2378 vale,
476 2311 640 2383 clamabat;
660 2317 690 2366 et
709 2330 781 2369 ecce
800 2313 983 2385 loquentem

175 2401 362 2472 Praeruptus
381 2412 488 2457 vastae
507 2401 669 2473 sopprimit
687 2419 779 2474 agger
797 2420 908 2475 aquae.

140 2490 305 2547 Praeterea
321 2491 386 2561 jam
404 2491 484 2548 forte
504 2511 618 2548 novum
636 2492 768 2563 suspirat
787 2509 925 2548 amorem

176 2579 299 2646 Anthia,
320 2599 376 2636 nec
397 2580 474 2647 fidei,
494 2598 552 2636 nec
572 2579 771 2651 memetipsa
788 2580 858 2636 mei.

140 2666 222 2722 Rara
240 2668 363 2738 quidem
382 2671 441 2724 fida
461 2677 515 2741 est,
536 2670 641 2725 oculos
660 2668 720 2725 nisi
738 2668 855 2724 nutriat
874 2668 990 2741 ignem,

175 2757 303 2812 Femina
317 2758 435 2829 juratos
454 2759 507 2814 vix
525 2759 616 2815 timet
634 2760 699 2814 ulla
717 2761 807 2814 Deos·

138 2845 258 2900 Perfida
276 2864 419 2901 securum
438 2846 481 2903 sic
501 2854 543 2916 te,
563 2849 706 2914 Mouchis,
725 2844 839 2902 fefellit

174 2938 311 2991 Externa
330 2937 367 2991 ad
388 2935 510 3005 Trojam
529 2943 620 2992 vecta
633 2936 736 3006 puella
754 2936 826 2990 late.

136 3026 221 3082 Arsit
241 3025 273 3079 in
292 3026 454 3098 Aegyptho
473 3025 581 3081 furiosi
599 3032 697 3080 mater
716 3023 841 3097 Orestis,

171 3117 251 3169 Dum
269 3115 349 3185 gerit
368 3115 492 3169 Atrides
514 3114 633 3169 vindice
652 3115 734 3169 bella
753 3130 855 3168 manu.

135 3204 251 3258 Multae
274 3205 374 3271 etiam,
395 3222 524 3277 quarum
544 3211 660 3259 veteres
680 3203 843 3259 meminere
862 3212 986 3276 poetae,

171 3295 339 3348 Deseruere
359 3294 448 3361 viros,
468 3294 700 3366 legitimamque
719 3294 817 3351 fidem.

136 3380 192 3434 His
210 3379 341 3435 fortasse
362 3400 460 3437 meam
478 3389 622 3453 poterunt
641 3400 799 3438 numerare
817 3386 967 3457 puellam,

170 3474 272 3541 Atque
292 3470 360 3525 ideo
379 3471 496 3528 doleam
517 3491 571 3528 cur
590 3491 655 3544 ege,
676 3490 796 3544 semper
814 3458 886 3535 erit
