2498 4012
1043 272 1095 331 173

144 385 248 454 Quum
266 385 358 453 Deus
380 379 500 440 afflictis
519 380 656 457 requiem
675 381 728 458 qui
746 381 899 439 mentibus
918 378 1016 451 affert,

180 477 281 532 Affuit
301 475 408 547 (utque
426 474 506 544 reor)
526 475 645 535 somnia
662 493 735 531 vera
752 474 836 530 tulit.

143 568 219 622 Nam
237 567 299 619 Dea
318 564 396 636 quae
416 570 513 619 terras
533 571 564 619 et
582 564 682 620 sidera
702 571 814 620 cuneta
832 564 991 635 gubernat,

177 658 233 710 Est
252 653 329 708 mihi
346 654 495 708 coelestes
514 653 626 707 ducere
638 652 705 708 visa
725 653 839 707 choros.

141 743 334 801 Ambrosium
351 760 440 797 sacro
460 741 594 812 spirabat
614 742 728 797 vertice
751 742 882 810 odorem,

180 837 283 890 Aurea
302 833 458 900 caesaries,
477 850 570 887 aurea
589 833 684 888 vestis
704 839 784 902 erat3

141 923 211 978 Illic
231 941 307 995 quos
326 922 434 978 Oriens
454 928 485 976 et
504 940 580 993 quos
600 922 692 976 habet
711 922 806 976 Indus
825 921 944 989 odores

179 1014 341 1068 Fundebat
360 1013 445 1083 largo
466 1018 548 1066 terra
566 1011 698 1082 benigna
716 1011 796 1066 sinu.

141 1103 286 1157 Protinus
305 1103 385 1157 alma
404 1101 468 1156 dies
489 1106 520 1156 et
538 1101 636 1155 sidere
657 1100 761 1171 purior
781 1101 863 1155 omni

177 1193 252 1248 Visa
270 1191 331 1246 fuit
350 1191 450 1246 radios
470 1189 652 1260 explicuisse
672 1207 750 1245 suos

140 1282 253 1339 Navita
271 1282 429 1352 nigrantes
448 1297 509 1335 non
528 1279 584 1334 illa
602 1286 694 1334 nocte
714 1280 865 1349 procellas

177 1372 316 1439 Horruit,
336 1378 390 1425 aut
409 1376 518 1426 ventos
537 1370 710 1441 Oceanique
730 1369 838 1425 minas.

142 1462 247 1534 thue
266 1461 342 1516 meis
362 1460 461 1514 oculis
481 1477 549 1515 sese
568 1459 651 1514 dedit
669 1459 725 1513 illa
743 1457 912 1524 videndam,

178 1552 287 1608 Divino
307 1553 386 1607 tales
406 1551 502 1605 edidit
522 1568 573 1605 ore
593 1568 693 1605 sonos

142 1642 256 1713 Ecquis
275 1641 342 1706 erit,
363 1657 485 1706 vesane,
505 1658 641 1711 unquam
660 1638 717 1693 tibi
736 1638 805 1692 finis
825 1637 967 1692 amandi?

179 1730 288 1784 Saucia
306 1746 397 1800 quam
416 1729 509 1797 longo
529 1734 665 1798 tempore
686 1728 776 1781 corda
794 1727 903 1798 geres?
981 1783 982 1787 ,

144 1819 250 1873 Nonne
272 1818 366 1887 pudet
384 1819 537 1872 Venerem
557 1815 677 1870 cunctis
696 1815 826 1870 coluisse
847 1815 962 1880 diebus,

177 1908 280 1978 Teque
300 1904 436 1960 Dionaeo
457 1903 651 1974 supposuisse
667 1903 762 1975 jugo?

141 1998 186 2050 De
207 2003 236 2050 te
253 1994 317 2066 jam
336 2000 402 2048 toto
421 1999 564 2047 narratur
583 1992 688 2047 fabula
706 1995 808 2064 vulgo.

178 2082 353 2154 Nequitiam
372 2081 479 2136 didicit
498 2081 545 2137 vir
565 2081 736 2153 mulierque
757 2089 851 2137 tuam.

141 2173 289 2243 Improbe,
309 2171 381 2244 quid
401 2189 501 2226 cessas
519 2170 642 2226 veniam
661 2171 808 2227 meruisse
827 2172 998 2242 precando?

176 2266 216 2317 Et
235 2262 368 2316 lacrimis
387 2261 494 2316 faciles
514 2261 681 2315 sollicitare
701 2265 802 2317 Deos?

141 2354 214 2407 Esse
235 2358 310 2422 puta
328 2353 434 2406 Manes
454 2356 485 2405 et
505 2356 620 2404 tartara
639 2350 899 2423 nigra‚'lacusque

176 2444 216 2496 Et
234 2441 311 2496 vada
328 2439 472 2495 sulfureis
491 2439 610 2496 fervida
629 2457 748 2511 semper
768 2442 863 2513 aquis,

143 2530 267 2584 Talibus
286 2535 411 2583 exercet
430 2535 533 2583 sontes
552 2546 726 2600 poenasque
747 2529 882 2599 reposcit

175 2620 232 2673 Ille
253 2621 352 2674 Deum
371 2618 564 2689 omnipotens
584 2618 697 2672 arbiter
716 2625 809 2690 atque
827 2618 993 2673 hominurn.

141 2709 254 2765 Contra
272 2715 377 2762 autem
393 2707 480 2780 queis
500 2725 573 2762 cura
592 2708 661 2779 poli,
682 2708 769 2778 queis
790 2726 863 2762 cura
882 2707 991 2763 salutis

174 2800 335 2862 Aeternae,
356 2804 516 2852 aeternum
535 2815 628 2869 regna
647 2798 738 2852 beata
757 2799 850 2853 dedit.

138 2887 198 2941 Hic
217 2904 297 2941 nova
313 2885 450 2954 jucundo
471 2904 591 2957 semper
609 2887 678 2940 loca
697 2887 814 2941 lumine
833 2887 934 2942 rident

172 2978 212 3029 Et
231 2975 338 3045 Superi
358 2981 463 3046 optata
482 2975 600 3029 lumina
619 2976 679 3029 fixa
698 2981 816 3030 tenent.

136 3062 196 3117 Hie
216 3062 350 3117 citharae
371 3069 542 3134 cantusque
561 3063 668 3133 vigent
687 3069 718 3116 et
737 3065 871 3116 carmina
890 3061 1010 3132 passim,

173 3152 315 3209 Carmina
334 3153 455 3209 mortali
474 3172 534 3207 non
556 3154 715 3208 referenda
734 3170 823 3207 sone.

137 3241 222 3295 Aura
239 3241 416 3312 peregrinos
435 3241 605 3295 laetissima
624 3240 722 3297 vincit
741 3241 848 3306 odores

176 3328 245 3384 Sive
267 3336 345 3396 tuos
366 3331 513 3402 Babylon,
534 3330 605 3397 sive,
625 3331 748 3389 Sabaea.
768 3337 848 3397 tuos,

141 3418 283 3490 Quosque
305 3420 413 3491 legunt
432 3420 542 3476 Cilices
561 3427 594 3475 et
612 3438 687 3493 quos
705 3422 762 3477 sub
781 3421 845 3476 sole
867 3420 986 3478 recenti

175 3509 316 3566 Parturit
335 3511 408 3567 Eois
428 3511 554 3567 barbara
572 3520 656 3568 terra
673 3511 763 3586 jugis.
