2498 4012
569 395 651 449 xvr.

450 545 517 612 AD
540 544 759 611 STELLAM

487 687 616 741 (Eridani,
632 686 689 731 Lib.
700 687 728 737 1.)

137 853 213 909 (lum
232 860 382 920 tenerum,
403 870 473 907 cnm
491 852 582 907 dulce
605 851 721 923 aliquid
740 850 944 922 blandumque
962 848 1073 920 jocaris

172 945 220 1001 Ah
241 945 340 1001 medio
361 944 436 999 mihi
455 950 521 999 tum
542 944 630 998 corde
650 941 795 1015 liquescit
813 959 906 996 amor.

137 1036 226 1105 Spem
245 1033 320 1088 mihi
340 1051 409 1088 cum
428 1039 461 1088 et
481 1031 598 1104 cupidis
617 1049 724 1102 pacem
743 1029 896 1101 promittis
915 1028 1029 1098 ocellis

171 1125 239 1178 Lux
258 1121 357 1178 oculis
376 1121 441 1178 solo
461 1139 586 1192 corpore
607 1136 715 1175 sensus
735 1118 806 1174 abit.

136 1211 213 1268 (lum
231 1211 319 1277 rides,
340 1211 500 1282 ignemque
521 1209 627 1278 oculis,
646 1210 797 1281 vultuque
815 1208 930 1282 soteria,

172 1303 259 1356 Mens
277 1300 424 1370 animum,
444 1301 508 1373 ipse
527 1300 647 1356 animus
665 1305 790 1372 pectore
813 1297 965 1354 destituit.

137 1390 290 1461 Amplexu
305 1391 377 1462 jam,
397 1391 500 1457 Stella,
520 1397 573 1446 tuo
589 1406 736 1469 succurre
759 1387 887 1454 cadenti,

172 1481 229 1536 Ore
250 1479 385 1536 animum
403 1487 436 1535 et
454 1479 559 1535 foveas
579 1497 690 1551 oreque
709 1479 803 1534 redde
824 1477 963 1533 animam.

559 1758 658 1821 XVII.

144 1921 272 2000 QUOD
296 1922 379 1988 DIE
404 1922 613 1990 NIMBOSO
637 1920 818 1988 STELLA
841 1919 972 1986 NATA
996 1920 1068 1986 SIT

485 2064 615 2120 (Eridani,
635 2067 692 2111 Lib.
702 2065 730 2119 ι.)

169 2221 248 2276 Mira
266 2222 349 2289 fides,
369 2222 485 2294 periere
505 2240 602 2290 rosae,
623 2226 760 2281 cecidere
779 2223 937 2298 hyacinthi

205 2313 246 2367 Et
264 2312 373 2382 violae,
392 2313 488 2369 nullis
507 2321 556 2370 est
576 2315 667 2371 decor
688 2315 853 2372 arboribus

169 2403 238 2458 Non
256 2404 395 2477 zephyris
413 2412 462 2461 est
480 2407 561 2464 veris
579 2408 681 2475 honos,
700 2409 758 2464 hac
777 2408 859 2464 luxit
878 2408 978 2464 Adoni

204 2494 287 2549 Luce
307 2495 412 2552 Venus
431 2496 550 2554 miseris
569 2498 693 2554 decolor
713 2499 861 2571 exequiis,
941 2533 943 2537 >

167 2583 235 2636 Hac
254 2581 390 2640 Charites
408 2599 534 2641 secuere
553 2604 655 2658 genae,
675 2590 797 2644 vulsere
817 2587 962 2660 capillum

204 2672 245 2726 Et
263 2672 420 2744 Nymphae
440 2675 566 2730 moestis
585 2675 763 2748 ingemuere
781 2676 885 2732 modis.

168 2758 216 2811 En
235 2775 357 2813 rursum
375 2761 505 2816 rubuere
525 2779 620 2830 rosae,
642 2763 764 2820 nituere
784 2762 951 2836 hyacinthi,

203 2848 244 2901 Et
262 2848 373 2918 violae,
392 2849 456 2919 ipse
476 2868 547 2906 suos
568 2858 615 2908 est
634 2852 724 2907 decor
742 2851 907 2907 arboribus.

167 2939 215 2992 En
232 2938 372 3012 zephyris
392 2946 439 2996 est
458 2941 540 2998 veris
559 2942 664 3016 honos,
685 2944 743 2998 hac
762 2942 852 2998 fulsit
872 2941 904 2995 in
923 2947 994 2996 ortu

201 3027 298 3084 Stella
316 3029 365 3084 die
385 3030 501 3086 auratis
522 3032 666 3088 concolor
684 3051 702 3088 a
720 3031 821 3102 radiis,

166 3118 233 3172 Hac
252 3118 390 3175 Charites
408 3119 535 3190 pinxere
553 3139 653 3192 genas,
675 3137 830 3192 compsere
851 3117 995 3191 capillum

202 3208 243 3262 Et
261 3208 417 3280 Nymphae
435 3215 558 3264 teneros
578 3209 763 3264 concinuere
780 3208 893 3264 modos.

166 3297 261 3351 Laeta
279 3299 384 3354 Venus
403 3304 595 3369 renovatque
614 3298 698 3354 faces
717 3305 868 3368 natusque
889 3298 1044 3370 saggitas,

202 3389 243 3442 Et
261 3405 341 3443 nova
359 3389 395 3443 de
415 3389 555 3444 manibus
574 3389 703 3444 vulnera
722 3395 853 3461 uterque
870 3389 956 3461 jacit.

165 3475 248 3531 Hinc
267 3482 369 3532 tamen
388 3482 515 3533 eventus
533 3477 623 3532 licuit
642 3483 780 3548 spectare
801 3480 931 3544 futuros

202 3571 282 3626 Ecce
302 3572 372 3628 ades
391 3574 532 3643 erumnis,
553 3575 647 3630 Stella
667 3589 784 3640 serena,
804 3573 887 3630 meis.
