2498 4012
271 397 384 474 Suique
404 397 516 454 amoris
534 396 667 458 fervidos

268 492 304 546 In
325 491 413 545 corde
433 491 555 546 aculeos
576 490 693 546 inserit.

270 581 408 637 Clamore
428 586 513 635 muto
532 579 650 651 pectori

269 670 338 725 Meo
357 669 553 726 insusurrans
573 670 610 724 ad
629 688 718 724 suum

271 760 391 814 Numen
410 765 509 826 vocat,
529 758 632 824 trahit,
652 758 744 830 rapit.

273 849 390 904 Adsum.
408 854 503 919 pater,
524 866 541 902 o
561 848 668 904 adsum
686 855 740 904 tuo

271 938 361 993 Sacro
380 943 524 993 aestuans
544 937 693 1009 cupidine,

270 1027 448 1083 Mortalium
467 1045 568 1083 rerum
588 1027 722 1084 omnium
742 1033 774 1084 et

270 1117 371 1188 Ipsius
390 1117 548 1172 immemor
567 1117 635 1178 mei,

271 1206 371 1262 Solius
390 1212 422 1260 at
440 1223 556 1260 memor
575 1206 632 1261 tui.

272 1297 318 1350 'Pu
338 1297 407 1361 dux,
427 1302 524 1366 pater,
544 1313 599 1350 rex
619 1302 650 1351 et
667 1299 751 1352 Deus

272 1387 414 1451 Pronum,
434 1386 599 1452 volentem,
621 1387 740 1443 concito

271 1475 368 1530 Cursu
388 1475 582 1529 advolantem
601 1475 729 1547 suscipe.

273 1565 344 1620 Jarn
364 1581 472 1634 corpus
490 1562 546 1618 hoc
566 1563 624 1618 sibi
642 1583 742 1635 grave,

272 1652 453 1722 Primaeque
471 1651 560 1706 matri
578 1651 722 1720 debiturn,

273 1743 372 1809 Quam
390 1759 537 1797 cernuum
556 1741 588 1796 in
608 1742 673 1797 dies
692 1743 788 1816 magis

275 1833 375 1888 Ourvo
393 1830 534 1885 intuetur
552 1830 668 1886 vertice

274 1921 342 1977 Suis
362 1921 442 1975 refer
460 1919 642 1991 primordiis.

275 2015 316 2067 At
333 2011 416 2063 hunc
435 2009 592 2080 vigentem
610 2011 752 2082 spiritum

275 2098 454 2156 Divinitatis
474 2098 511 2152 ad
530 2105 602 2154 tuae

275 2190 395 2262 Typum
415 2197 550 2244 creatum
568 2197 600 2245 et
619 2191 746 2248 dextera

276 2279 398 2334 Fictum
416 2285 477 2343 tua,
498 2279 664 2334 necessitas

279 2370 378 2436 Quem
396 2369 483 2422 nulla
502 2369 610 2426 mortis
631 2370 781 2442 opprimet

276 2459 388 2512 Lustra
406 2457 538 2529 benigno
557 2459 683 2515 lumine.

276 2546 357 2600 Huic
376 2546 510 2613 exeunti,
530 2554 630 2602 terrea

278 2635 360 2691 Huic
381 2636 508 2691 exuenti
527 2638 650 2694 vincula

278 2724 352 2780 Ales
372 2724 514 2780 volucres
534 2727 659 2798 applica,

278 2817 322 2872 Ut
341 2815 494 2886 praepetis
515 2817 635 2887 aquilae
655 2821 743 2875 modo

278 2904 424 2974 Suprema
443 2910 569 2959 tranans
589 2905 695 2960 nubila

279 2992 380 3047 Humo
401 2991 517 3061 relicta,
537 2991 659 3047 sedibus

278 3083 361 3151 Tuis,
382 3083 481 3150 Pater,
502 3098 533 3136 se
554 3082 734 3154 immisceat,

278 3171 337 3227 Tui
354 3171 476 3226 fruatur
495 3180 619 3242 perpete

277 3261 317 3319 Et
336 3259 470 3317 numinis
488 3260 671 3330 praesentia.

518 3513 621 3573 FINE.
