2498 4012
1018 287 1054 345 99

261 399 343 457 Huie
362 417 426 472 ege,
446 403 482 454 ut
500 397 595 455 semel
614 400 693 455 hane
714 393 817 453 videre
838 393 940 452 visus

263 492 300 546 Se
319 506 351 545 se
370 488 529 544 ostendere
549 489 656 544 fixione
675 487 781 556 ocello,

265 579 402 647 Quando,
421 577 550 649 inquam,
569 596 637 633 mea
654 578 716 644 lux,
737 575 799 631 mei
816 574 928 630 laboris

264 672 328 726 Das
346 670 388 725 mi
405 666 606 740 premiolum?
624 669 745 740 meique
765 665 863 721 cordis

264 758 324 814 'Pet
343 757 483 814 incendia
501 758 631 830 mitigas,
649 756 781 830 Lyconi?

264 847 324 902 Hie
343 847 398 903 illa
416 847 547 914 erubuit,
566 847 717 919 simulque
738 845 816 902 risit.

265 938 398 994 Ridebat
414 936 514 1006 simul,
535 943 567 993 et
585 936 677 993 simul
695 938 837 1009 pudebat.

264 1030 404 1100 Dumque
423 1025 598 1083 molliculos
617 1026 719 1081 colens
737 1044 855 1082 amores

266 1117 347 1172 colit
365 1115 537 1188 virgineum
555 1115 647 1171 simul
663 1115 818 1187 pudorem,

265 1205 347 1272 Quid
365 1222 473 1276 negem
491 1204 566 1260 tibi?
584 1204 670 1267 dixit,
690 1210 722 1259 et
742 1203 893 1275 capillum,

266 1294 328 1361 Qui
345 1293 479 1365 pendens
496 1293 617 1348 levibus
636 1293 775 1350 vibratur
793 1292 883 1361 auris,

271 1385 312 1438 Et
329 1382 462 1438 formosa
480 1400 575 1454 vagus
593 1399 648 1453 per
666 1382 825 1448 meludit,

264 1473 356 1528 Hune
376 1489 483 1527 secans
502 1471 666 1543 trepidans,
686 1471 906 1546 implicansqne
919 1472 951 1528 iu
965 1491 1046 1540 auro,

267 1561 423 1618 Haec'fila
440 1579 543 1628 aurea,
563 1567 594 1616 et
612 1579 739 1617 aureum
758 1562 902 1633 capillum

267 1652 389 1723 Pignus,
409 1650 516 1723 inquit,
535 1651 612 1706 habe
631 1651 751 1722 meique
771 1652 880 1707 amoris

267 1741 386 1814 Meique
406 1740 514 1811 ipsius:
534 1739 591 1795 hoe
612 1747 700 1794 tuum
717 1741 837 1811 puellae

268 1832 350 1887 Tuae
369 1831 495 1902 pignore
514 1830 611 1885 lenias
631 1830 771 1885 calorem.

269 1922 356 1976 Eheu
375 1920 448 1992 quid
465 1919 561 1976 facis?
580 1919 631 1975 ehi
648 1919 730 1989 mihi,
750 1919 867 1992 Lycori,

266 2013 351 2067 Haeo
369 2016 442 2065 sunt
459 2009 598 2065 flammea
615 2016 711 2079 texta,
730 2028 791 2065 non
811 2011 928 2082 capilli:

267 2102 344 2156 Sunt
362 2100 435 2154 haec
454 2098 544 2170 ignea
563 2098 681 2153 vincla:
701 2098 733 2153 ni
752 2099 878 2166 relaxes,

268 2188 329 2256 Qui
348 2195 435 2242 tanto
455 2189 574 2242 valeam
593 2187 695 2243 valere
715 2189 752 2242 ab
772 2189 878 2243 aestu?

268 2283 355 2335 Anne
375 2278 475 2350 ignem
491 2277 580 2348 juvat
598 2277 719 2348 ignibus
738 2278 856 2349 perire?

268 2370 378 2424 Comae
397 2366 594 2434 flammeolae,
614 2367 713 2422 subite
733 2367 883 2441 flammas:

269 2459 374 2514 Orines
393 2457 516 2529 igneoli,
534 2457 636 2513 venite
656 2457 688 2511 in
707 2457 806 2528 ignes:

269 2550 322 2605 Sat
340 2566 399 2617 me,
416 2548 555 2603 flammea
573 2547 683 2616 vinela,
703 2547 867 2604 nexuistis:

270 2640 358 2694 Nune
377 2656 431 2693 vos
449 2637 603 2694 solvirnini
623 2644 655 2692 et
674 2637 773 2692 subite
794 2637 945 2694 flammas:

269 2727 400 2786 Ussistis
417 2726 515 2796 nimis,
536 2728 618 2798 ignei
636 2726 747 2798 capilli,

270 2820 359 2873 Nunc
379 2835 432 2872 vos
451 2817 576 2872 urimini
596 2826 626 2872 et
644 2817 745 2872 valete
766 2817 794 2873 in
816 2817 909 2888 ignes

269 2910 334 2964 Hos
353 2924 437 2962 meos
456 2925 510 2979 age
530 2908 629 2963 laetus
648 2907 726 2978 ignis
746 2908 830 2979 ignes

270 2999 365 3069 Perge
385 2995 589 3066 exstinguere,
609 3001 704 3066 tuque
724 2997 852 3062 flamma,
871 2996 1021 3050 flammam

271 3087 396 3154 Exedas,
416 3102 482 3140 mea
502 3085 591 3140 eorda
610 3102 687 3156 quae
706 3086 860 3140 exedebat.

272 3180 313 3233 At
331 3184 376 3245 tu,
394 3176 438 3231 sie
457 3174 568 3245 reliqui
587 3174 634 3229 tui
653 3174 755 3246 capilli

272 3269 410 3323 Vernent
428 3271 609 3337 perpetuum
628 3263 692 3332 tibi,
712 3264 836 3335 Lycori:

273 3355 361 3423 Quod
380 3361 450 3411 tuos
468 3354 552 3410 ferus
571 3353 699 3409 usserim
719 3353 852 3425 capillos

272 3445 381 3503 Parce:
401 3462 472 3500 nam
491 3444 561 3500 volo
581 3461 689 3510 amare,
709 3461 771 3499 non
788 3461 824 3516 pe
845 3443 916 3505 ruri.
