2498 4012
567 429 627 482 111.

454 576 756 643 EPITAPHIUM

259 659 261 663 ’
314 690 518 732 cannamnnn
537 691 681 733 annanaa
699 691 930 734 oananssinan

444 815 660 872 (Ermaphroditi,
671 816 727 861 Lib.
742 816 769 869 1.)

155 1017 159 1022 ·
205 992 272 1045 Hoo
288 991 371 1061 jacet
390 991 539 1061 ingenuae
560 991 674 1046 formae
694 991 857 1046 Catharina
875 991 1023 1061 sepulcro,

241 1081 336 1136 Grata
354 1081 415 1137 fnit
433 1082 539 1137 multis
558 1083 635 1136 scita
652 1081 756 1152 puella
774 1079 881 1151 procis.

205 1171 302 1226 Morte
324 1185 380 1225 sua
398 1171 506 1242 lugent
526 1177 642 1238 cantus,
661 1171 825 1242 lugentque
847 1168 982 1234 choreae,

241 1260 312 1314 Flet
330 1261 434 1316 Venus
454 1264 485 1314 et
503 1265 619 1314 moesto
639 1276 762 1329 corpore
781 1258 899 1312 moeret
917 1275 1008 1312 amor.

577 1533 630 1586 1v.

137 1681 201 1746 DE
220 1681 409 1747 VILLIOO
434 1681 615 1749 STULTO
639 1682 810 1749 ALDAM
833 1681 1070 1748 BASIANTE

442 1822 662 1877 (Ermaphroditi
678 1822 735 1867 Lib.
750 1823 777 1874 ι.)

172 1995 312 2050 Porticus
331 1995 487 2066 ingentem
505 1996 583 2050 faeie
603 1997 675 2051 dum
694 1997 826 2052 sustinet
845 1998 960 2064 Aldam,

206 2079 336 2137 Villicus
355 2081 496 2136 incautae
514 2082 598 2136 basia
616 2088 703 2153 rapta
719 2083 810 2137 dedit.

170 2172 262 2225 Hunc
281 2173 391 2242 vulgus
410 2172 555 2226 stolidum
576 2172 672 2226 eredit
691 2173 743 2226 sed
764 2173 891 2228 stultius
910 2173 963 2228 illo
984 2181 1031 2228 est

207 2259 333 2330 vulgae,
352 2279 399 2315 me
420 2261 567 2315 misarum
586 2278 676 2331 quam
696 2263 783 2331 bene,
803 2264 908 2332 stulte,
928 2264 1022 2335 sapis!

172 2349 275 2414 Quum
293 2349 386 2408 liceat
404 2349 508 2404 stultis
527 2349 650 2420 impune
670 2351 777 2407 suavia
795 2353 945 2424 nymphae

208 2436 324 2508 Figere,
344 2438 395 2494 Dii
414 2439 561 2505 facerent,
581 2441 696 2495 stultus
715 2447 751 2495 ut
771 2441 834 2510 ipse
858 2443 969 2497 forem!

592 2716 629 2768 V.

282 2864 347 2927 AD
372 2863 568 2928 OOSMUM
591 2861 938 2928 FLORENTINUM

442 3004 658 3058 (Ermaphroditt
671 3003 727 3048 Lib.
742 3001 778 3053 11.)

211 3174 323 3241 Oosmn,
343 3176 391 3231 vir
409 3177 549 3231 Etruriae
568 3175 650 3229 inter
669 3174 864 3229 celeberrime
885 3182 990 3239 terrae,

247 3264 278 3318 Si
295 3265 395 3331 sileae,
415 3265 520 3320 videor
539 3264 620 3319 velle
643 3262 744 3319 videre
765 3271 864 3318 tuum.
899 3278 902 3286 ·

213 3354 321 3408 Malles
340 3353 521 3424 posthabitis
537 3353 600 3424 jam
615 3352 678 3422 jam
697 3353 814 3419 lusuve,
831 3352 972 3424 jocoque,

249 3443 431 3498 Olansissem
450 3443 523 3497 forti
541 3450 668 3497 strenua
686 3442 767 3496 belia
786 3441 870 3512 pede.

215 3534 259 3589 Ut
278 3538 313 3587 tu
332 3532 551 3603 magnanime,
572 3532 616 3585 sic
636 3538 667 3586 et
685 3548 850 3601 permagna
870 3530 1008 3602 enpiseia

250 3621 311 3677 Hei
329 3621 411 3688 mihi,
431 3622 484 3678 sed
503 3627 607 3676 nostro
626 3627 761 3690 tempore
782 3620 893 3676 Caesar
913 3621 1020 3685 abest,
