2498 4012
271 329 451 387 Emeutibus
469 327 638 401 pernicioso
655 344 780 385 munera

275 420 496 477 Adulterarum
515 419 616 476 coitus
633 418 836 477 foedissimos·

275 509 373 565 Viden
392 516 427 564 ut
445 509 545 565 audax
564 526 611 565 me
628 512 738 582 rogat?
756 515 904 581 tanquam
921 509 1052 566 inscium

272 598 348 654 Eius
366 598 503 670 probrosi
522 597 680 655 criminis?
697 600 815 666 recede,
834 598 892 663 abi,

272 687 339 753 Abi,
358 686 518 758 impudica,
538 687 596 761 abi,
614 688 746 745 scelests
764 694 797 745 et
814 685 917 758 impia,

271 776 402 848 Impura,
420 777 497 844 lena,
516 777 672 834 venditrix
689 777 859 845 libidinum,

269 865 407 920 Maorum
426 884 563 922 amorum
580 865 776 936 prostitutrix
793 864 904 921 lurida.

273 954 318 1010 Ut
335 955 381 1011 ira
400 956 510 1011 suadet
527 955 681 1027 unguibus
700 952 844 1011 nocentia

272 1044 469 1100 Proscinders
490 1062 552 1115 ora,
570 1052 607 1101 ut
624 1043 728 1117 gliscit
744 1043 877 1115 impetus
895 1041 987 1098 ferox

268 1132 385 1188 Inl'erre
404 1134 488 1189 canis
508 1134 642 1190 crinibus
660 1140 762 1189 truces
780 1150 899 1188 manns.

269 1221 406 1293 Impunis
424 1240 463 1276 an
482 1241 520 1278 us
539 1221 635 1277 abibit
651 1221 728 1278 haec
745 1220 905 1278 venefica?

268 1308 340 1362 Jam
355 1308 418 1379 jam
437 1307 572 1378 cupidini
589 1325 705 1363 morem
723 1325 827 1379 geram
845 1323 924 1373 meo,

269 1397 310 1450 Et
328 1402 419 1452 torva
437 1396 555 1450 lumina
574 1413 679 1451 eruam
696 1394 750 1452 isti
767 1394 944 1467 primulum,

268 1483 418 1556 Linguam
437 1485 544 1540 deinde
564 1486 716 1541 demetam
734 1484 916 1549 dicaculum,

267 1574 353 1639 Quae
373 1591 420 1629 me
440 1575 593 1631 misellum
612 1573 715 1630 effecit
732 1581 765 1631 et
783 1573 994 1646 pessundedit,

266 1662 307 1716 Et
325 1661 464 1733 perdidit,
483 1664 665 1737 nullumque
684 1680 808 1735 prorsus
824 1661 967 1718 reddidit.

267 1752 348 1817 Quid
366 1771 415 1809 me
434 1753 552 1810 sodales
570 1753 715 1809 detinetis
733 1752 877 1826 pessimi?

267 1840 430 1910 Dimittite,
451 1849 497 1899 est
515 1849 634 1899 certum
652 1842 781 1915 obsequi
794 1841 968 1914 justissimo

267 1934 336 1989 Meo
355 1933 462 2004 furori,
480 1934 598 1990 debitas
615 1950 730 2004 poenas
749 1933 824 1988 luat

268 2022 342 2077 Mihi
361 2024 506 2080 scelesta:
526 2041 565 2079 au
582 2023 654 2081 huic
672 2040 746 2095 rogo
763 2020 928 2079 favebitis?

264 2112 405 2168 Fortasse
425 2112 520 2168 nescii
538 2130 629 2183 quam
647 2110 831 2183 inexpiabile

266 2198 372 2255 Scelus
391 2200 519 2271 patretls
539 2200 617 2256 hanc
633 2200 779 2270 juvantes
798 2198 945 2270 impiam?

266 2288 365 2354 Quam
383 2307 472 2360 saepe
492 2296 582 2346 nocte
601 2288 722 2361 repperi
740 2287 958 2345 obscurissima

265 2378 371 2433 Sacros
390 2378 571 2433 cadaverum
590 2385 749 2434 eruentem
766 2379 920 2450 pulveres,

263 2466 396 2537 Diroque
418 2466 549 2522 carmine
568 2477 747 2523 evocantem
765 2466 894 2538 pallidus

264 2555 394 2611 Umbras
412 2556 450 2611 ab
470 2554 540 2612 Oroi
558 2555 698 2612 tristibus
717 2555 858 2612 silentiis.

261 2643 347 2699 Haeo
365 2643 456 2698 noxio
475 2644 608 2700 infantes
628 2644 759 2700 tenellos
779 2642 897 2700 fascino

261 2732 436 2802 Interfecit3
455 2733 601 2789 discedite
620 2738 655 2788 ut
673 2752 786 2805 poenas
803 2734 877 2789 luat

260 2823 302 2877 At
320 2823 347 2879 si
366 2841 451 2878 meae
471 2841 525 2879 vos
543 2823 588 2877 nil
606 2841 712 2894 preces
725 2822 831 2894 justae
850 2831 991 2899 movent,

261 2913 297 2966 In
316 2912 477 2983 pessimam
496 2930 618 2968 crucem
636 2913 760 2969 recedat
778 2913 919 2986 pessima.

259 3001 328 3058 Non
346 3020 442 3074 usque
461 3001 585 3057 habebit
606 3020 661 3059 vos
680 3008 801 3074 paratos
818 3002 969 3059 subsides.

172 3194 269 3245 Questa
288 3195 373 3246 lirica,
389 3196 464 3239 nella
483 3196 602 3240 raccolta
614 3196 659 3241 del
672 3197 790 3242 Polidori
809 3197 957 3251 intitolata,
974 3200 1116 3255 conequi,

133 3261 160 3301 in
173 3261 272 3314 Lanam,
287 3262 315 3304 in
329 3262 420 3312 quella
434 3261 477 3305 del
493 3262 581 3317 Pigua,
596 3265 624 3306 in
638 3265 796 3315 Meretricem,
813 3262 941 3318 riguarda
954 3265 983 3309 lo
998 3268 1083 3311 stesso
1094 3280 1118 3310 a·

133 3339 213 3380 more,
228 3341 244 3371 a
257 3329 300 3371 cui
314 3329 338 3371 si
352 3327 471 3373 riferisce
486 3331 668 3384 l’epigramma
688 3331 859 3384 procedente:
875 3329 889 3374 ὁ
903 3333 1118 3379 un’amarissims

132 3394 244 3440 sturiata
264 3401 356 3441 contro
370 3399 398 3440 la
410 3399 518 3444 vecchie
531 3401 579 3444 che
594 3405 690 3446 tenera
705 3413 782 3446 mano
796 3402 858 3457 alla,
867 3401 1005 3449 fanciulla
1019 3404 1069 3449 ohe
1083 3404 1117 3448 ha

132 3459 235 3506 tradito
245 3463 266 3506 il
280 3466 365 3516 poeta.
