2498 4012
213 373 276 428 Has
296 377 406 427 natura
425 372 482 427 tibi
500 373 584 428 dedit

248 466 352 533 Artes3
370 463 428 519 hoo
447 464 597 519 dederunt
615 463 665 520 Dii
684 463 820 519 studium
838 465 903 520 tibi.

212 555 284 609 'Fen'
304 555 386 610 dices
405 555 558 622 miserum,
577 557 671 626 rogo?

247 641 309 694 Nee
329 647 492 694 contentus
512 639 572 695 eris
591 646 673 696 sorte
693 646 747 696 tue
766 642 892 697 dolens?

212 728 292 784 Urbs
311 735 341 782 te
362 747 470 800 magna
490 729 657 796 Quiritium

249 818 360 872 Mirata
380 825 427 873 est
445 835 581 888 puerum,
600 816 724 888 publiea
741 837 868 874 munera

215 908 410 962 'Praetentem
429 907 572 977 graviter,
591 907 651 962 diu.

247 997 306 1052 Vix
325 1015 406 1051 nune
426 1003 534 1068 quarta
553 997 610 1051 tibi
629 996 749 1050 condita
769 997 927 1069 olympias

211 1086 330 1154 Regum
349 1085 485 1141 consiliis
504 1092 607 1140 tamen

248 1176 434 1231 „iamdudum
453 1175 600 1246 gravibus
619 1175 759 1231 conscius
779 1176 901 1232 interes

211 1267 322 1320 Omnes
343 1266 451 1320 Italiae
471 1266 600 1337 angulos

247 1353 362 1410 Fecisti
381 1354 497 1410 meritis
513 1355 575 1426 jam
594 1371 743 1409 memores
763 1354 817 1410 tui.

209 1444 324 1499 Omnes
340 1444 403 1515 jam
422 1444 478 1499 tibi
497 1445 598 1499 Gallia

246 1532 478 1602 Germanusque
498 1533 585 1587 ferox
603 1531 713 1587 funera
732 1531 777 1585 nil
799 1550 914 1603 pavens

209 1623 315 1687 Debet,
335 1623 425 1677 debet
446 1628 534 1676 atrox
553 1623 639 1686 Geta,

243 1713 363 1767 Debent
382 1712 639 1782 Sauromataeque
659 1715 691 1764 et
710 1710 822 1766 Morini
839 1712 952 1783 ultimi,

208 1803 328 1856 Debent
346 1799 504 1856 instabiles
524 1799 663 1872 Seythae,

244 1891 285 1944 Et
303 1889 396 1944 tellus
415 1888 599 1960 ubicumque
622 1893 668 1943 est
686 1886 869 1944 habitabilis.

208 1979 266 2033 Sed
284 1978 329 2032 nil
348 1984 396 2034 est
414 1995 542 2050 quoque,
560 1978 588 2033 si
606 1977 693 2048 sapis,

242 2067 327 2132 Quod
346 2074 452 2123 nostra
469 2067 544 2122 haee
563 2066 661 2122 inhies
681 2085 778 2138 usque
797 2068 872 2124 adeo
892 2068 964 2125 otia.

207 2157 269 2227 Ipsi
288 2158 463 2229 quaerimus
484 2157 515 2211 in
534 2156 600 2212 dies

243 2246 397 2312 Doctrina,
416 2245 576 2318 studioque
596 2245 674 2300 hano
693 2245 882 2317 sapientiam,

207 2336 306 2402 Quam
324 2354 381 2391 neo
400 2335 528 2392 forsitan
547 2334 668 2407 assequi

246 2429 401 2498 Umquam
418 2425 483 2482 fata
502 2426 627 2494 dabunt,
646 2430 700 2481 aut
718 2425 804 2480 labor
821 2425 935 2483 irritus.

205 2515 307 2588 Hujus
326 2524 361 2572 tu
381 2516 457 2571 nihil
475 2516 604 2587 indiges,

241 2607 316 2661 Fors
335 2611 438 2662 tecum
457 2622 533 2676 puer
551 2605 630 2660 hano
650 2603 756 2660 matris
776 2606 812 2661 ab
831 2606 924 2662 ubere

205 2694 287 2749 Raro
306 2712 432 2751 munere
453 2694 602 2760 caelitum,

239 2786 435 2857 Externaque
455 2785 510 2841 tibi
530 2786 616 2841 nulla
635 2800 713 2856 opus
732 2789 780 2840 est
801 2801 867 2854 ope.

115 2959 184 3002 Gian
199 2961 299 3004 Matteo
314 2961 418 3006 erberti
433 2963 468 3014 (n.
484 2964 542 3013 1493,
558 2963 724 3016 m.1513)ehe
736 2959 1061 3012 tantaimportnnzaebbe

72 3024 130 3066 alla
139 3028 213 3068 corte
228 3025 254 3090 di
264 3027 400 3071 Clemente
412 3029 470 3080 VII,
481 3028 509 3071 fn
520 3028 641 3071 munifico
652 3029 798 3080 protettore
809 3024 879 3077 degli
891 3022 982 3066 artisti
992 3035 1005 3065 e
1016 3023 1061 3066 dei

74 3090 204 3133 letterati.
232 3093 253 3134 Ε
267 3094 329 3137 noto
345 3093 366 3136 il
380 3092 470 3136 favore
486 3093 512 3136 di
526 3095 568 3136 oui
583 3092 612 3135 fu
627 3094 702 3146 largo
724 3093 750 3135 al
771 3089 858 3141 Burni,
881 3102 895 3131 e
918 3087 1060 3132 l'umieizie

74 3155 192 3199 eordiale
206 3158 271 3202 ende
285 3158 313 3202 fu
328 3160 415 3212 legato
429 3173 445 3203 a
460 3159 578 3203 Vittoria
592 3160 716 3202 Golonna.
740 3158 766 3200 Il
782 3157 849 3200 vida
863 3156 889 3198 lo
904 3154 1016 3199 oonobbe
1031 3153 1060 3196 in

73 3222 157 3264 Roma
170 3224 226 3266 ella
240 3229 311 3268 oorte
326 3225 353 3269 di
366 3227 458 3277 Leone,
475 3239 488 3269 e
503 3227 529 3269 lo
544 3226 607 3279 ebbe
622 3226 834 3283 eostantenqente
848 3221 913 3280 frui
936 3220 993 3266 suoi
1014 3219 1061 3277 piu

76 3288 269 3335 erraneum.
1018 3280 1022 3292 ’
