2498 4012
143 256 196 318 142

228 367 444 437 Juvenemque
467 358 616 421 vellentis
635 360 751 418 tenello
770 362 807 420 ab
826 359 967 438 conjugia

263 455 386 513 Gremio
406 461 491 510 metu
510 454 681 524 inspersum
699 471 800 524 genas.

229 546 323 613 Quae,
342 544 490 616 pluraque
510 542 569 600 viri
587 541 614 599 si
635 542 776 598 viderent
794 541 950 614 principes

263 634 364 701 Quum
382 633 464 688 bella
482 631 570 687 initio
590 632 738 702 cogitant,

227 724 285 781 Vel
303 721 500 788 abstinerent,
519 723 570 777 vel
590 721 748 795 quibusvis
767 727 918 793 ponerent

262 812 334 867 Mox
353 818 461 882 caepta
480 809 714 877 conditionibus,

226 903 331 973 Neque
352 917 403 955 eos
422 899 524 966 libido,
543 917 643 972 neque
664 898 738 953 adeo
757 904 862 970 ageret
880 898 992 970 gloria,

261 987 305 1043 Ut
323 983 483 1056 perderent
503 983 587 1039 caeci
606 983 714 1039 omnia.

226 1075 298 1131 Istis
316 1073 342 1129 si
362 1091 417 1145 ego
437 1074 473 1128 ab
492 1072 580 1129 malis
598 1073 703 1145 procul
724 1073 846 1128 tandem
864 1072 986 1129 absiem

261 1161 492 1236 Tranquillitati
510 1161 655 1229 redditus,

227 1253 415 1325 Videamque
435 1252 603 1322 pendentes
622 1269 746 1308 acervos
765 1251 867 1307 arduis

261 1343 422 1398 Scutorum
441 1340 553 1412 ubique
574 1341 719 1411 postibus,

224 1432 415 1486 Araneorum
434 1427 486 1483 fila
504 1445 581 1499 quos
601 1427 785 1484 obduxerint

260 1517 353 1589 Nigro
372 1523 496 1573 vetusto
516 1517 547 1572 in
566 1517 701 1588 pulvere,

226 1610 381 1678 Ensesque
402 1624 514 1674 rursus,
533 1606 707 1677 ferreusque
728 1604 867 1675 cuspides

260 1697 296 1750 In
314 1712 469 1751 vomerem
490 1694 657 1762 conflarier,

226 1784 328 1841 Vitam
347 1784 428 1839 haud
446 1801 584 1839 recusem
602 1800 768 1854 pauperem
788 1781 951 1839 traducere

259 1872 388 1928 Fodiens
407 1890 513 1943 agrum
531 1872 678 1928 incurvus
696 1890 797 1926 manu.

223 1962 337 2018 Saltem
355 1961 475 2017 animus
495 1960 605 2017 ablatis
625 1962 699 2017 mihi
717 1961 764 2017 his
786 1961 957 2017 terroribus

258 2052 432 2119 Quiesceret
450 2051 638 2108 liberrimus!

222 2143 346 2198 Possem
364 2141 498 2197 laborem
519 2141 659 2199 versibus
677 2140 807 2196 solarier

258 2233 383 2289 Cinctus
402 2233 469 2286 olea
486 2249 595 2287 canum
615 2237 714 2302 caput,

224 2324 265 2377 Et
283 2327 373 2376 nocte
393 2321 540 2392 pauculos
560 2319 750 2376 revolverem
773 2319 877 2387 libros,

257 2409 315 2466 Vel
333 2409 427 2464 imbre
446 2409 589 2464 detentus
609 2408 666 2465 die.

220 2502 244 2556 0
263 2500 334 2555 diva
351 2499 492 2571 largitrix
511 2500 660 2555 bonorum
682 2517 743 2555 una
764 2498 907 2568 omnium,

257 2589 325 2655 Quo
344 2595 376 2643 te
395 2589 509 2643 vocabo
529 2588 671 2644 nomine?

221 2676 339 2745 Quibus
358 2683 389 2732 te
408 2676 545 2732 honestis
567 2675 689 2731 efferam
706 2674 899 2748 praeconiis?

254 2767 387 2839 Dignum
408 2769 488 2823 unde
510 2773 541 2822 te
561 2769 689 2824 verbum
709 2765 896 2838 exprimam?

218 2857 378 2928 Opulenta,
398 2857 496 2926 salve;
513 2855 578 2926 jam
596 2874 718 2912 recurre
738 2855 809 2924 huc,
827 2872 920 2910 aurea

255 2948 297 3004 Et
315 2964 370 3002 nos
388 2952 442 3001 tuo
462 2947 552 3003 vultu
569 2946 634 3003 bea.
