2498 4012
1079 293 1113 348 81

156 395 198 449 Te
219 400 273 449 tua
291 395 389 448 Roma
407 399 502 459 tenet,
522 393 596 447 mihi
616 411 706 463 quam
726 411 848 448 narrare
868 395 994 462 solebas,

195 484 292 539 Unam
310 483 436 538 delicias
454 500 521 537 esse
540 483 698 537 hominum
717 488 809 552 atque
829 486 938 538 Derim.

154 574 224 627 Hoc
244 589 368 646 quoque
389 591 471 627 nunc
491 571 596 643 major,
617 573 698 645 qnod
714 575 825 644 Magno
845 579 892 628 est
911 579 1003 627 aucta
1022 575 1134 638 Leone,

191 665 266 718 Tam
285 666 362 719 bene
381 664 481 736 parati
500 664 553 736 qui
572 664 734 735 imperium
754 664 835 719 orbis
852 665 953 719 habet.

155 753 213 808 Hic
232 753 288 808 tibi
307 772 364 809 nec
384 754 494 808 dosunt
515 753 712 808 celeberrima
732 754 822 808 turba
841 753 967 819 sodales,

188 846 270 914 Apta
289 845 395 899 oculos
414 844 509 899 etiam
528 845 626 898 multa
645 849 752 898 tencre
772 850 853 898 tuos.

153 933 229 987 Nam
249 933 336 987 modo
357 939 404 988 tot
422 933 540 1004 priscae
559 940 679 1004 spectas
699 932 847 987 miracula
865 933 973 1004 gentis,

186 1023 323 1077 Heroum
344 1030 375 1078 et
393 1022 494 1078 titulis
515 1023 597 1077 clara
616 1023 762 1094 trophaea
781 1022 852 1092 suis,

153 1112 242 1167 Nunc
262 1113 404 1168 Vaticani
422 1099 580 1186 surgentia
600 1133 746 1170 marmore
770 1116 894 1186 templa,

186 1203 227 1256 Et
246 1220 323 1273 quae
343 1203 510 1273 porticibus
530 1223 623 1258 aurea
641 1211 725 1260 tecta
743 1204 851 1259 nitent.

151 1290 286 1362 irriguos
304 1291 414 1360 fontes,
432 1294 597 1367 hortosque
619 1301 650 1350 ot
669 1313 793 1350 amoena
811 1295 918 1362 vireta,

186 1383 322 1438 Plurima
340 1403 417 1457 quae
437 1387 578 1442 umbroso
598 1387 735 1458 margine
755 1386 854 1441 Tibris
872 1386 972 1441 habet.

153 1473 254 1544 thue
274 1472 387 1539 ferunt,
408 1481 499 1529 coctu
519 1475 660 1531 convivia
679 1476 761 1531 laeta
780 1475 937 1547 frequenti

184 1566 226 1618 Et
246 1563 381 1619 celebras
398 1565 491 1620 lentis
512 1566 575 1621 otia
594 1566 685 1622 mista
700 1565 790 1637 jocis,

152 1656 214 1712 Aut
234 1654 349 1710 cithara
368 1655 521 1710 aestivum
541 1661 691 1721 attenuas⁷
713 1661 865 1726 cantuque
888 1655 1028 1720 calorem,

183 1744 245 1800 Hei
263 1745 338 1800 mihi
357 1764 447 1817 quam
465 1745 567 1817 dispar
586 1764 668 1799 nuuc
687 1762 754 1800 mea
773 1745 838 1798 vita
857 1750 927 1799 tuae
949 1743 1012 1798 est!

149 1834 211 1890 Nec
230 1834 305 1888 mihi
322 1835 504 1906 displiceant
523 1854 600 1908 quae
622 1843 694 1891 sunt
714 1835 771 1889 tibi
783 1841 878 1906 grata,
897 1834 950 1889 sed
970 1832 1035 1903 ipsa
1055 1839 1110 1890 est.

184 1924 226 1980 'Pe
246 1924 320 1991 sine,
339 1926 394 1981 lux
413 1927 511 1982 oculis
530 1944 624 1997 paene
643 1926 768 1980 inimica
786 1924 871 1979 meis.

148 2015 214 2070 Non
234 2033 317 2081 aure,
338 2023 392 2071 aut
410 2034 530 2087 gemma
550 2023 641 2087 caput
662 2033 809 2071 exornare
829 2014 942 2069 nitenti

183 2106 233 2160 Me
249 2105 346 2177 juvat,
367 2114 420 2163 aut
439 2109 540 2162 Arabo
560 2125 701 2178 spargere
722 2107 812 2160 odore
834 2121 944 2159 comas.

147 2196 215 2251 Non
235 2197 369 2252 celebres
388 2198 476 2253 ludos
494 2197 582 2253 festis
601 2204 740 2268 spectare
761 2195 876 2260 dicbus,

182 2287 258 2342 Cum
276 2287 380 2359 pop'uli
402 2289 534 2358 complet
553 2288 647 2364 densa
666 2305 778 2341 corona
796 2285 927 2355 forum,¹

147 2380 188 2434 Et
205 2377 288 2434 ferus
308 2378 339 2432 in
358 2379 456 2434 media
477 2379 597 2433 exultat
615 2377 766 2449 gladiator
784 2395 885 2443 arona,

180 2472 278 2527 Hasta
297 2470 452 2525 concurrit
471 2471 522 2525 vel
542 2469 754 2539 cataphractus
774 2484 876 2539 eques,

143 2560 216 2616 Sola
234 2568 305 2616 tuos
323 2560 431 2616 vultus
450 2559 586 2614 reserens
605 2557 768 2630 Raphaelis
788 2556 886 2627 imago

180 2651 268 2706 Picta
287 2670 386 2714 manu,
409 2668 497 2705 ouras
516 2650 632 2705 allevat
650 2666 747 2720 usquc
767 2664 858 2702 meas.

142 2742 226 2799 Huic
244 2760 300 2813 ogo
320 2741 446 2797 delicias
466 2740 554 2806 facio,
575 2739 764 2810 arridooque‚
781 2737 938 2809 jocorque‚

179 2834 329 2905 Alloquor
348 2837 379 2887 et
397 2837 554 2902 tamquam
572 2829 697 2884 reddere
717 2830 812 2884 verba
831 2832 933 2899 queat,

142 2928 278 2983 Assensu
296 2928 436 2994 nutuque
458 2920 533 2975 mihi
552 2937 640 2990 saepe
662 2919 716 2973 illa
735 2918 859 2974 videtur

178 3013 288 3070 Dicere
307 3013 387 3068 velle
406 3011 521 3084 aliquid
542 3016 573 3065 et
593 3016 646 3064 tua
665 3010 756 3065 verba
774 3007 869 3080 loqui.

144 3105 299 3177 Agnoscit,
318 3105 468 3176 balboque
487 3109 606 3174 patrem
624 3119 701 3173 puer
720 3118 771 3155 ore
792 3101 916 3173 salutat,

176 3197 243 3251 Hoc
262 3193 352 3266 solor,
370 3193 478 3264 longos
498 3190 679 3263 decipioque
699 3188 772 3243 dics,

141 3289 183 3345 At
201 3283 385 3354 quicumque
405 3281 497 3337 istinc
517 3280 554 3334 ad
573 3297 628 3333 nos
648 3277 812 3333 accesserit
830 3278 948 3348 hospes

174 3375 265 3428 Hunc
287 3389 342 3443 ego
362 3369 435 3442 quid
454 3368 539 3423 dices
559 3367 633 3440 quid
652 3365 786 3421 faciasne
807 3384 889 3438 rogo.

136 3465 259 3520 Cuncta
277 3459 352 3514 mihi
370 3460 406 3514 de
427 3465 457 3515 te
477 3457 635 3513 incutiunt
653 3456 758 3511 audita
777 3455 932 3510 timorem:

174 3554 262 3610 Varro
281 3549 376 3604 etiam
395 3550 537 3605 absentes
556 3552 644 3618 saepe
666 3547 775 3603 timore
794 3550 916 3616 pavent.

152 3757 168 3801 6
183 3779 209 3787 -
223 3752 314 3797 (tom.
328 3751 384 3796 Ant.
399 3753 463 3797 delta
475 3752 550 3797 lirion
564 3752 652 3798 latina.
