2498 4012
1010 295 1062 357 149

138 404 240 479 Atque
254 400 327 462 adeo
349 400 431 462 curis
450 399 608 460 hominum
626 414 723 476 geniis
744 424 831 462 omne
851 406 981 478 repulsis

174 496 334 569 Languida
354 502 499 568 concepto
517 497 653 552 membra
674 513 783 568 sopore
801 497 901 554 levat:

137 588 230 643 Nulla
248 593 352 642 tamen
370 586 482 642 fessam
501 593 642 657 reparant
662 587 775 644 oblivia
793 593 937 655 mentem,

173 680 215 733 Et
232 676 347 748 refugis
365 684 484 732 nostras
504 680 539 730 tu
558 693 687 749 quoque,
708 694 821 737 somne.
840 695 960 748 preces;

138 767 256 834 Somne,
276 766 370 821 animi
388 765 519 838 requies,
539 783 687 833 curarum,
707 786 819 835 somne,
839 769 987 835 levamen,

173 857 243 910 Hue
262 855 341 925 ades,
362 861 394 910 et
412 860 553 910 sanctum
572 853 627 921 ier,
647 855 813 922 taciturne,
832 857 949 927 pedem,

138 944 355 1012 Imbutumque
374 949 482 1014 gerent
500 942 621 997 lethaeo
640 943 761 1015 gurgite
775 961 899 1015 ramum,

173 1032 234 1085 Fac
253 1048 320 1085 rore
340 1030 526 1085 immadeant
545 1036 683 1101 tempora
702 1031 786 1087 vieta
803 1031 879 1088 levi.

138 1123 286 1177 Ourarum
306 1123 463 1177 obstantes
482 1123 605 1176 demum
623 1121 760 1193 propelle
780 1128 928 1191 catervae,

174 1213 214 1266 Et
232 1210 307 1264 mihi
324 1228 434 1266 securo
454 1211 495 1266 sit
513 1217 568 1265 tua
586 1211 665 1265 dona
684 1209 779 1283 sequi,

139 1303 184 1358 Ut
202 1319 301 1373 neque
320 1319 367 1356 me
388 1301 488 1357 eversi
506 1306 636 1372 tangant
654 1300 846 1356 incommoda
864 1301 948 1362 secli.

176 1390 239 1444 Nee
257 1395 407 1444 renovent
426 1388 531 1443 tristes
551 1395 689 1458 tempora
708 1388 806 1444 saeva
819 1395 927 1454 metue,

139 1478 208 1549 Ipse
228 1478 285 1533 tibi
303 1478 454 1550 floresque
473 1478 570 1533 feram
589 1477 762 1550 casiamque
781 1484 938 1534 recentem

175 1570 270 1623 Dulce
291 1585 401 1622 sonans
419 1567 504 1623 facili
524 1586 584 1638 qua
603 1567 684 1638 fugit
703 1568 785 1623 unda
803 1569 888 1638 pede,

140 1661 180 1713 Et
199 1658 263 1724 tibi,
283 1675 435 1727 purpurea
454 1657 594 1728 insurgat
613 1656 663 1712 eui
681 1657 801 1713 vertioe
819 1657 919 1725 erista,

175 1747 248 1802 Ales
267 1747 398 1802 dissecto
417 1752 543 1818 gutture
562 1745 684 1818 tinguet
703 1746 836 1802 humum.

141 1833 229 1886 Nune
249 1839 303 1886 tua
322 1831 457 1886 defessos
477 1832 601 1885 tandem
620 1834 667 1888 vis
685 1831 792 1902 alliget
811 1836 903 1900 artus,

179 1923 258 1974 Dum
275 1919 373 1990 juvat,
393 1925 426 1974 et
445 1920 530 1974 coelo
552 1920 652 1975 lueida
674 1921 761 1992 signa
780 1921 901 1975 cedunt.
