2498 4012
176 251 210 305 16

198 352 248 409 Ah
267 350 390 406 valcant
409 365 544 411 veneres
565 347 689 403 valeant
707 347 787 404 mala
803 346 915 418 gaudia
932 362 1061 413 amores,

229 442 320 496 Casta
337 440 467 510 placent,
488 439 578 492 luxus
597 438 756 504 desidiose,
775 437 853 494 vale.

190 534 261 589 Jam
280 530 354 587 mihi
372 528 528 584 Francisci
547 528 683 584 tunicam
702 528 905 599 chordamque
924 532 1040 598 parate,

225 622 296 677 Jam
315 625 439 674 teneant
457 619 554 674 nudos
569 618 669 689 lignea
686 618 790 676 vincla
807 619 907 690 pedes.

191 713 290 780 Quam
304 710 438 783 jucunde
458 708 532 762 mihi
548 708 675 779 jejunia,
695 708 763 782 quis
782 725 838 780 ego
857 706 979 763 coelum

229 803 395 866 Emeream,
416 818 484 855 cum
503 817 551 854 me
571 798 699 854 solverit
719 806 785 854 atra
805 796 878 855 dies.

189 892 232 946 At
250 897 285 945 tu
304 898 378 946 tnnc
398 899 516 946 nostros
535 888 619 945 flebis
637 891 758 945 deserta
775 889 902 956 labores,

226 980 301 1036 Cum
320 981 449 1035 subeant
468 980 590 1037 veneris
609 980 711 1036 dulcia
728 978 814 1036 furta
831 995 926 1034 meae.

191 1070 267 1128 Cum
285 1070 415 1125 subeant
433 1071 538 1127 dulces
558 1088 633 1142 quas
654 1077 758 1125 tecum
776 1070 889 1125 ducere
907 1072 1018 1123 noctes

226 1160 319 1230 Saepe
341 1160 546 1225 admiratam,
568 1162 707 1232 lassaque
727 1160 810 1215 facta
828 1159 919 1231 prior.

190 1248 248 1304 Sed
267 1248 339 1321 quid
358 1255 424 1304 turn
442 1251 610 1306 lacrimae?
629 1250 702 1322 quid
720 1257 787 1305 tum
806 1248 864 1304 tibi
882 1254 963 1315 vota,
977 1248 1144 1319 precesve?

228 1340 326 1405 Qirem
344 1341 436 1394 semel
456 1340 609 1411 expuleris
628 1358 689 1395 nen
710 1345 874 1397 revocatur
891 1356 984 1395 amor.

192 1432 259 1485 Non
279 1428 352 1483 mihi
372 1430 462 1484 chara
482 1430 605 1502 quidem
623 1430 745 1501 potaris,
765 1448 827 1485 non
848 1428 930 1486 bella
947 1428 1059 1500 videri,

225 1521 292 1575 Non
311 1520 337 1575 si
357 1519 400 1575 sic
419 1520 486 1575 fieri
502 1519 647 1592 Juppiter
665 1519 728 1591 ipse
748 1519 833 1575 velit.

189 1610 229 1664 Et
247 1608 321 1664 licet
340 1609 372 1662 in
392 1615 422 1664 te
444 1609 524 1665 alius
543 1608 627 1665 dives
647 1608 781 1680 suspiret
800 1613 925 1675 amator,

227 1698 375 1769 Exemplo
394 1698 489 1755 fuerit
508 1701 626 1755 cautior
646 1700 698 1755 ille
718 1717 794 1755 meo.

189 1790 234 1844 Ac
255 1806 292 1843 ne
313 1807 405 1859 quem
422 1791 518 1845 lateat
537 1809 628 1862 quam
647 1790 690 1846 sis
709 1809 770 1845 non
790 1787 873 1844 mitis
891 1787 1017 1855 amanti,

225 1878 391 1934 Saevitiam
410 1881 492 1935 <licet
510 1899 605 1953 parva
623 1882 738 1937 tabella
757 1886 850 1935 tuam.

189 1970 287 2037 Quam
306 1969 389 2040 legat
411 1979 442 2025 et
458 1970 668 2044 juvenumque
688 1971 807 2038 chorus,
828 1969 998 2039 doctaeque
1010 1968 1136 2039 puellae

225 2062 266 2115 Et
285 2060 471 2133 quicumque
492 2069 577 2117 tuam
595 2061 694 2117 sensit
705 2063 800 2117 Amor
819 2059 1010 2131 pharetram:

191 2150 308 2205 Fannia
326 2150 487 2221 despectos
507 2168 627 2222 semper
644 2149 763 2206 fastidit
781 2151 926 2203 amantea.

225 2242 293 2295 Hoc
312 2240 359 2294 illi
379 2239 491 2295 vitium
509 2248 608 2296 mater
627 2240 732 2313 iniqua
746 2237 836 2295 dedit.

631 2499 685 2553 IV.

514 2662 580 2730 AD
606 2660 809 2730 snffsUM

530 2805 672 2860 (Amorum,
687 2804 743 2850 Lib.
754 2804 782 2857 ι.)

187 2966 265 3033 Quin
271 2971 380 3038 gantas
398 2963 508 3020 solitus
528 2983 598 3020 cum
616 2965 658 3021 sis
677 2965 815 3021 adamare
836 2965 964 3037 puellas,

220 3059 308 3112 Nunc
328 3058 365 3111 ab
387 3072 488 3110 amore
509 3062 563 3110 tue
583 3055 664 3127 quid,
684 3055 824 3122 Joviano,
843 3053 958 3111 vacas?

188 3149 236 3204 An
254 3148 326 3220 quia
344 3145 498 3202 difficilem
516 3164 581 3202 sese
602 3145 659 3201 tibi
677 3145 800 3201 Fannia
820 3145 945 3216 praebet

227 3240 268 3291 Et
286 3237 398 3307 rigidos
417 3254 516 3292 mores
531 3237 627 3290 forma
645 3236 776 3307 superba
794 3234 895 3290 facit?

188 3326 263 3381 Cum
282 3333 330 3382 tot
347 3326 410 3381 sint
429 3327 543 3392 faciles,
564 3325 605 3381 sit
626 3325 713 3397 copia
731 3325 833 3382 mollis
852 3340 993 3379 amorum

223 3415 341 3482 Quaere
362 3415 495 3487 aliquam
514 3417 570 3472 tibi
589 3435 665 3490 quae
686 3423 793 3487 sponte
813 3416 931 3488 placere
953 3414 1044 3471 velit

190 3503 276 3568 Quae
294 3504 351 3559 tibi
369 3522 400 3560 se
420 3505 518 3572 dedat,
539 3507 589 3562 cui
608 3507 650 3562 sis
669 3510 701 3560 et
720 3505 830 3560 charus
849 3502 974 3571 ocellus,

222 3595 278 3650 Oui
296 3594 392 3650 dicas:
408 3594 474 3666 jam
489 3594 553 3665 jam
572 3595 688 3652 Fannia
706 3594 792 3649 nulla
810 3592 885 3648 mihi
903 3598 957 3648 est
