2498 4012
291 396 375 454 'Palis
393 395 491 453 Idalia
509 397 614 454 Venus

320 487 410 544 Silva
428 488 484 543 sub
503 486 596 542 viridi
609 484 703 554 jacet·

327 579 439 651 Myrto,
459 577 589 649 puniceo
608 575 680 631 hine
699 581 731 631 et
750 574 822 630 hine

286 701 290 708 ι
324 666 431 722 Nimbo
451 671 535 722 tecta
553 683 701 721 rosarum.

289 768 349 825 Hie
368 768 425 825 flos
442 785 612 841 purpureas
630 785 723 839 super
824 837 826 841 y

325 861 443 928 Vestes,
462 861 513 916 hie
531 877 623 931 super
642 877 750 916 aureos

323 947 439 1018 Crines,
458 948 508 1005 hie
527 947 608 1004 rosei
626 965 718 1019 snper

324 1037 392 1094 Oris
412 1039 497 1093 labra
517 1039 658 1094 cadebat:

286 1140 344 1196 Ille
363 1140 499 1212 gramine
520 1139 640 1196 roscido

320 1224 462 1291 Insterni‚
481 1224 532 1281 hie
549 1224 649 1281 vitrea
666 1243 759 1296 super

321 1314 459 1386 Lympha
476 1332 558 1381 nare,
578 1314 657 1370 alius
676 1314 738 1369 eito
758 1317 791 1369 in

321 1403 439 1476 Gyrum
458 1403 580 1459 turbine
600 1403 689 1462 verti.

288 1510 364 1565 Leni
384 1529 540 1567 murmure
560 1511 722 1567 candidum

323 1599 470 1656 Audisses
489 1601 663 1672 Zephyrum
682 1600 740 1656 tibi

319 1689 424 1743 Palam
443 1689 557 1744 dicere:
577 1695 685 1761 regnat
703 1689 754 1744 hie

317 1777 428 1832 Blandi
447 1785 543 1833 mater
561 1777 691 1834 Amoris.

285 1874 371 1929 Tune
391 1892 509 1930 meeum
528 1882 584 1944 ter,
605 1873 784 1946 etamplius

318 1963 402 2019 Dixi:
424 1965 487 2021 Aut
505 1965 591 2020 venit
608 1965 645 2019 ab
664 1964 788 2020 aethere

318 2055 405 2109 Haee
423 2054 495 2123 alto,
515 2053 566 2109 vel
585 2054 737 2110 Oreadum

318 2143 405 2198 Certe
423 2142 581 2214 sanguinis
599 2162 660 2198 una
680 2149 737 2199 est.

280 2239 330 2295 Sia
349 2247 381 2296 et
400 2241 510 2297 blanda
528 2241 720 2313 protervitas,

316 2329 364 2385 Sie
383 2338 416 2386 et
434 2331 604 2403 virgineum
623 2332 717 2389 decus

314 2419 389 2487 Oris
414 2422 567 2494 verbaque
586 2421 689 2478 dulcia

314 2510 429 2566 Memet-
447 2510 639 2567 abstulerant
657 2511 739 2580 mihi,

279 2619 324 2674 Ut
343 2618 474 2690 suspiria
492 2622 529 2676 ab
548 2621 657 2677 intimo

315 2709 458 2766 Fundens
477 2717 609 2782 pectore,
630 2710 752 2781 saepius

314 2797 468 2854 Dicerem:
487 2802 557 2855 Hue
577 2818 632 2870 ego
652 2818 713 2869 qua
732 2798 782 2854 via
858 2866 861 2872 4

314 2888 421 2954 Quove
440 2895 577 2959 ternpore
597 2889 686 2945 veni?

277 2987 355 3042 Nam
374 3005 464 3058 super
482 2989 615 3044 nitidum
633 2987 759 3042 aethera

313 3079 449 3134 Eventus
468 3078 589 3133 volueri
607 3077 691 3148 pede,
713 3083 744 3130 et

313 3165 417 3236 Magni
436 3164 566 3220 coneilio
585 3166 606 3220 J
608 3164 675 3219 evis

313 3256 465 3310 Interesse
485 3254 620 3310 videbar.

276 3355 336 3410 Illo
356 3375 394 3411 ex
413 3362 549 3428 tempore
567 3354 717 3426 frigerans

312 3445 400 3512 Fons,
421 3453 453 3501 et
472 3452 558 3517 prata
576 3446 720 3515 recentia,
739 3453 771 3503 et

314 3538 413 3593 Arbor
430 3537 537 3594 florida
554 3537 598 3594 sie
616 3538 692 3594 mihi

313 3627 450 3684 Mentem
467 3646 569 3685 amore
588 3627 730 3700 revinxit,
