2498 4012
206 249 258 307 120

187 356 255 411 Non
273 355 379 412 finem:
398 369 506 410 verum
525 369 590 409 esse
609 351 693 408 aliud
711 350 792 422 quid,
803 349 900 426 ¹cuius
918 349 1018 423 imago

185 445 330 516 Splendet
348 444 380 499 in
398 443 443 513 iis,
463 445 543 516 quod
555 460 608 514 per
627 460 658 498 se
678 441 777 513 ipsum
797 447 850 509 est,
871 447 903 496 et
920 441 1109 512 principium
1129 460 1200 500 esse

185 533 332 591 Omnibus
352 539 519 601 aeternum,
539 538 609 587 ante
630 548 735 586 omnes
755 547 984 602 numerumque,
1005 529 1162 604 diemque.

185 623 221 678 In
240 640 300 694 quo
319 621 414 677 alium
433 623 538 689 solem,
558 629 649 693 atque
669 621 760 675 aliam
779 620 992 691 splendescere
1012 622 1138 678 Lunam

185 711 332 782 Aspicies,
352 710 488 782 aliosque
508 711 603 778 orbes,
624 709 684 765 alia
702 717 785 765 astra
803 727 935 779 manere,

186 801 369 872 'Perramque
390 798 559 870 fluviosque
579 799 662 868 alios,
681 805 772 871 atque
792 816 864 855 aera
880 805 914 855 61
931 800 1034 871 ignem

186 892 227 944 Et
244 907 377 956 nemora,
395 896 485 961 atque
506 888 574 944 aliis
591 905 691 944 errare
712 889 855 944 animalia
872 889 970 945 silvie:

186 979 324 1050 Denique
343 985 455 1035 cuncta
472 978 532 1033 alia
550 996 655 1034 cernas
674 981 852 1051 vegetantis
868 981 941 1036 vita.

186 1069 274 1139 Ergo,
293 1068 416 1123 umbras
429 1085 522 1138 quum
538 1065 603 1137 jam
616 1067 697 1135 satis,
713 1074 744 1123 et
758 1069 882 1139 specula
894 1068 956 1138 illa,
969 1087 1129 1145 superque

186 1155 344 1227 spectaris,
363 1156 453 1227 longa
468 1155 645 1227 jamdudum
664 1155 695 1210 in
713 1163 803 1212 nocte
824 1175 989 1228 pererrans,

186 1245 245 1301 Fas
264 1245 386 1300 tandem
406 1245 505 1299 lucem
524 1253 617 1317 atque
638 1243 738 1316 ipsum
756 1245 933 1318 perquirere
953 1265 1076 1304 verum.

187 1333 275 1398 Quod
294 1333 438 1406 quoniam
456 1335 546 1405 longe
565 1334 740 1391 seiunctum
760 1341 807 1390 est
820 1353 945 1406 corpore
964 1337 1003 1392 ab
1023 1341 1111 1395 omni

186 1422 249 1477 Nec
268 1439 365 1477 nexus
385 1421 486 1490 habet,
506 1430 561 1478 aut
579 1423 699 1479 affinem
719 1423 857 1480 sensibus
876 1423 949 1479 ullis

188 1512 343 1580 Naturam,
363 1512 441 1567 scito
462 1529 527 1567 6666
547 1513 681 1568 animum
700 1512 757 1568 tibi
775 1513 999 1570 dissociandum

188 1600 329 1672 Corpore,
349 1601 595 1674 purgandumque
614 1602 697 1657 omni
716 1610 843 1675 contage
863 1609 996 1674 recepta,

187 1689 320 1745 Terrena
338 1691 414 1759 labe,
435 1697 467 1748 et
485 1691 622 1747 mortalis
640 1691 764 1748 luminis
781 1692 909 1762 haustu3

186 1780 443 1852 Quaerendaeque
463 1780 540 1835 aliae
559 1780 663 1845 silvae,
684 1781 836 1853 callesque
855 1782 982 1838 tenendi

186 1869 264 1923 Sunt
282 1868 343 1939 alii,
362 1869 538 1940 meliorque,
557 1872 656 1926 Dedm
675 1888 753 1942 quae
771 1870 880 1927 semita
898 1878 1061 1929 monstrat.

186 1959 273 2015 Haec
291 1961 386 2015 Musa.
406 1962 430 2018 Ο
450 1959 477 2014 si
494 1969 526 2015 te
546 1961 688 2017 comitem
708 1962 781 2017 dent
799 1979 871 2017 rura
889 1963 979 2018 beata

186 2050 358 2105 Bardolena
376 2049 458 2118 mihi,
478 2068 496 2104 o
515 2049 640 2122 quinos
657 2057 781 2121 propter
799 2068 961 2107 amoenum

184 2138 340 2193 Benacum
360 2138 449 2196 viridi
466 2139 553 2194 silvis
571 2138 603 2193 in
621 2138 712 2194 litore
732 2139 836 2196 sistat:

184 2229 286 2299 Atque
305 2228 380 2297 olea,
399 2229 546 2300 lauroque
566 2235 651 2300 tegat
670 2229 783 2300 detque
803 2230 906 2286 abdita
926 2237 1033 2287 vatum

185 2316 279 2371 Sensa
298 2322 329 2372 et
347 2324 507 2389 utramque
528 2317 585 2374 Dei
602 2324 766 2389 praecepta
784 2319 927 2376 evolvere
946 2320 1060 2392 legem.

184 2405 268 2460 Rura
286 2424 346 2478 oro,
366 2407 500 2474 (liberte,
519 2413 573 2462 tuo
592 2410 732 2463 Benacea
750 2408 815 2463 vati

184 2497 237 2564 Da,
257 2495 428 2570 viridesque
449 2499 531 2553 61666
551 2503 582 2554 61
600 2498 699 2553 11111116
716 2505 841 2571 protege
860 2499 955 2555 lauro.

185 2584 242 2640 Ille
263 2592 332 2642 11166
351 2588 454 2642 laudes
473 2588 604 2659 primum
624 2594 714 2667 canet
734 2595 766 2644 61
783 2595 838 2645 tua
854 2588 938 2645 facta

185 2675 308 2747 Inclyta
325 2676 471 2732 Maeoniis
490 2676 624 2732 numeris
644 2677 681 2731 ad
699 2676 799 2732 sidera
816 2678 913 2734 tollet.

185 2766 226 2820 Ut
243 2781 370 2835 puerum
389 2765 497 2820 mirata
515 2783 599 2820 66616
619 2783 688 2820 cum
707 2765 836 2838 Tybride
855 2768 952 2822 Roma

186 2856 266 2910 Ante
287 2873 381 2910 annos
400 2854 517 2910 meritis
537 2854 637 2910 titulis
656 2860 689 2909 et
707 2855 871 2912 honoribus
890 2855 991 2912 auxit:

184 2947 229 3001 Ut
248 2959 297 3000 res
318 2944 455 2999 Romana
473 2952 503 3000 61
522 2963 677 3001 sacrorum
697 2945 810 3000 tradita
824 2946 910 3017 jussu

185 3032 368 3088 Pontificum
387 3033 443 3088 tibi
462 3049 581 3090 summa
599 3034 630 3089 in
649 3041 678 3090 te
698 3053 760 3089 uno
779 3052 868 3106 saepe
889 3035 1011 3103 resedit,

186 3122 231 3178 Ut
249 3128 366 3192 septem
385 3122 535 3178 fremuere
556 3123 644 3179 novis
663 3123 856 3194 applausibus
875 3139 969 3180 arces.

186 3211 286 3265 Macte
306 3211 422 3277 animis,
441 3218 541 3266 macte
560 3210 691 3282 ingenio,
712 3218 747 3267 tu
765 3211 882 3282 trajicis
902 3230 1017 3285 aequor

186 3298 382 3354 Barbaricum
402 3306 432 3354 et
449 3300 530 3355 ferro
549 3318 635 3372 reges
654 3300 686 3355 in
704 3301 785 3356 bella
803 3308 928 3357 ruentes

186 3387 338 3459 Alloquiis
356 3388 466 3461 frenae,
487 3395 518 3443 et
538 3397 661 3461 coeptos
681 3408 732 3445 ore
752 3391 910 3458 tumultus,

187 3477 337 3547 Armaque
356 3482 388 3531 et
407 3476 533 3532 hostiles
553 3479 668 3534 animos
688 3484 719 3533 et
737 3479 853 3550 praelia
870 3479 972 3534 sedas:

188 3563 330 3634 Foedera,
349 3565 558 3638 amicitiasque
579 3567 660 3636 feris,
680 3585 845 3640 pacemque
864 3573 1003 3638 reportas
