2498 4012
218 237 271 298 124

267 348 308 402 At
327 344 415 405 focus
433 354 465 406 et
485 343 600 404 circum
618 346 705 420 pueri
724 367 897 424 vernasque
916 355 1062 408 canentes

265 440 343 494 Dum
363 456 457 494 coena
474 441 604 496 undanti
623 443 766 515 coquitur
783 443 934 502 silvestris
953 443 1059 511 aheno,

264 526 458 598 Grandiaque
479 537 612 586 exurunt
633 531 819 603 crepitantes
839 532 947 588 robora
963 531 1114 600 flammae,

262 615 428 686 Suspensas
450 634 465 671 e
485 619 610 674 summis
629 622 761 691 pendent
779 621 972 694 laquearibus
991 637 1081 691 uvae,

260 705 410 778 Maiaque,
431 714 650 781 castaneasque
670 716 701 766 et
718 728 805 782 passo
824 711 929 766 fistula
946 716 1065 777 ventre,

259 793 393 850 Hiberna
411 795 447 850 de
466 804 554 852 nocte
575 799 667 854 boum
685 798 805 855 stabula
822 800 886 855 alta
904 804 1061 870 petuntur.

258 883 329 939 Una
348 902 452 940 omnes
471 893 644 956 matresque
665 887 783 958 virique
802 887 960 960 omnisque
977 887 1132 960 juventus

258 972 432 1030 Insomnem
451 983 596 1032 exercent
614 984 751 1047 noctem3
770 994 840 1049 pars
859 995 953 1049 pensa
972 976 1100 1051 fatiget:

257 1061 331 1118 Pars
349 1064 429 1120 texit
447 1071 571 1121 teneros
590 1065 735 1121 Amerino
754 1065 867 1121 vimine
887 1065 1006 1138 qualos:

256 1150 356 1221 Atque
377 1172 454 1210 anus
472 1155 520 1211 hic
540 1155 643 1228 aliqua
662 1156 787 1223 interea,
807 1155 879 1211 dum
897 1157 1012 1212 vellera
1032 1158 1145 1229 carpit,

255 1243 295 1297 Et
315 1251 440 1299 teretem
459 1248 591 1301 tremulo
609 1246 753 1317 propellit
770 1245 880 1317 pollice
897 1243 1009 1316 fusum,

255 1330 450 1403 Languentes
470 1335 575 1391 oculos
594 1335 708 1391 fabella
726 1333 809 1390 fallit
826 1334 917 1391 inani,

656 1687 709 1740 1v.

588 1836 769 1906 PSYcHs

552 1979 632 2033 (Dial.
646 1979 677 2024 de
692 1978 806 2032 Anima.)

242 2141 320 2207 Huc,
341 2141 435 2197 Amor
454 2159 471 2198 o
490 2143 611 2210 dilecte,
631 2141 711 2209 ades,
731 2157 748 2195 o
767 2138 878 2195 dilecte
898 2137 1029 2209 Cupido:

244 2230 422 2287 Formosum
441 2238 544 2288 tuate
565 2231 682 2304 Psyche
702 2229 834 2287 formosa
852 2228 988 2301 requirit,

241 2319 282 2373 Et
300 2320 398 2389 poscit
417 2327 447 2376 te
467 2321 525 2378 Dia
543 2325 650 2388 Deum,
669 2335 854 2391 puerumque
874 2316 982 2389 puella,

240 2406 264 2462 Ο
283 2406 340 2462 tibi
359 2414 422 2463 tam
439 2408 547 2466 similis
566 2409 592 2466 si
610 2416 642 2465 te
660 2412 856 2491 peramatque
877 2405 1031 2476 cupitque,

238 2494 345 2552 Nonne
365 2504 397 2554 et
415 2500 529 2555 amabis
547 2501 642 2556 Amor
658 2499 751 2565 illam,
772 2496 944 2568 cupiasque,
964 2495 1103 2566 Cupido?

242 2585 298 2639 Est
317 2587 421 2642 eadem
440 2589 527 2645 nobis
546 2588 657 2659 patria:
677 2593 724 2642 est
742 2585 884 2643 coelestis
902 2582 985 2656 origo

238 2673 285 2729 Ab
305 2675 399 2745 Jove;
419 2695 474 2732 nos
495 2676 587 2732 terris
606 2676 728 2748 pariter,
748 2691 804 2730 nos
823 2674 946 2729 aethere
963 2670 997 2726 in
1017 2672 1083 2728 alto

239 2767 403 2823 Versamur
421 2769 544 2839 pariter,
565 2768 788 2840 conjunctaque
807 2780 935 2819 munera
953 2761 1082 2818 obimus.

238 2855 308 2926 Ipsa
326 2857 440 2911 bonum
459 2857 682 2928 pulchrumque
702 2853 798 2909 modis
817 2853 848 2907 in
868 2856 992 2922 pectore
1011 2849 1099 2906 miris

236 2945 369 3013 Insinuo,
389 2957 424 3001 tu
444 2947 534 3001 corda
552 2945 635 3013 feris,
656 2950 690 3000 tu
709 2941 846 3014 suggeris
864 2941 957 3012 ignes,

234 3036 444 3109 Accendisque
466 3037 573 3092 ardore
591 3052 679 3101 novo,
699 3050 795 3105 genus
814 3032 894 3087 unde
913 3028 1106 3085 animantum

234 3122 412 3195 Concipitur
432 3125 611 3196 crescitque,
631 3141 686 3178 sua
706 3127 738 3176 et
757 3119 908 3177 connubia
921 3118 1033 3191 jungit.

232 3213 280 3267 Me
301 3212 451 3282 miseram,
471 3213 552 3286 quod
570 3220 603 3268 et
622 3213 688 3284 ipsa
706 3210 782 3267 meis
801 3210 833 3265 in
851 3225 898 3262 me
917 3207 1033 3263 artibus
1052 3225 1109 3262 usa

232 3300 281 3355 Ah
299 3301 428 3357 nimium
446 3308 559 3371 tenera,
579 3310 611 3358 et
630 3301 756 3372 pulchro
776 3299 865 3356 nimis
884 3304 955 3368 apta
974 3296 1092 3354 moveri

232 3387 275 3443 Ut
294 3393 324 3442 te
344 3391 496 3459 conspexi,
514 3397 551 3446 ut
569 3390 650 3456 novi,
670 3387 871 3461 pulcherrimo
890 3403 993 3442 rerum

231 3473 383 3530 Continuo
402 3474 579 3551 facibusque
600 3478 670 3544 tuis,
690 3484 722 3532 et
740 3473 868 3544 Amoris,
888 3490 989 3528 amore

230 3563 351 3617 Exarsi:
368 3564 458 3634 juvat
475 3566 541 3636 hoc,
560 3567 683 3638 paribus
702 3564 728 3623 si
748 3572 779 3621 et
799 3570 834 3621 tu
853 3562 975 3635 ignibus
994 3563 1089 3620 ardes.
