2498 4012
990 285 1041 342 105

81 395 142 463 Qui
161 393 237 449 mihi
255 399 345 465 turpe
364 399 453 465 putat
472 393 580 465 vigiles
599 393 758 448 traducere
777 399 892 460 noctes

118 487 267 557 Spargere
287 484 339 557 qui
358 485 476 539 laceras
495 485 622 554 pulvere
643 489 733 554 turpe
753 501 863 552 comas,

66 577 112 632 ·Is
132 578 274 633 miseram
291 578 444 649 lacrymas
463 575 636 646 prohibebit
653 573 783 630 fundere
802 580 940 643 matrem,

118 667 215 722 Filius
235 669 354 738 ingesta
373 684 468 738 quum
486 666 658 720 tumulatur
675 665 778 719 humo.

32 826 33 829 Ἴ
81 755 218 827 Namque
239 773 292 826 ego
311 755 355 810 sic
374 754 458 826 perii,
478 771 548 825 spes
568 761 603 809 ut
622 754 662 809 sit
681 754 767 808 nulla
786 753 903 822 salutis,
1004 794 1006 799 ·

115 845 164 898 Me
184 844 328 899 miserum
347 843 462 899 auxilio
483 861 554 898 nam
572 861 640 897 mea
658 843 766 897 damna
785 851 899 897 carent.

80 935 128 987 En
147 938 264 988 moesta
283 932 435 987 immerito
455 932 544 988 nubit
563 949 630 986 mea
649 937 745 1002 nupta
763 930 880 1001 marito,

117 1022 261 1076 Traditur
279 1022 339 1077 heu
359 1023 434 1076 duro
454 1027 558 1077 nostra
576 1021 679 1092 puella
697 1021 771 1076 viro.

82 1111 142 1177 Qui
161 1111 204 1165 sic
226 1111 420 1177 conveniunt,
440 1117 476 1165 ut
495 1116 583 1165 tauro
601 1108 710 1180 juncte
729 1110 845 1176 leaena,

116 1199 233 1256 Nobilis
252 1205 287 1255 ut
306 1199 409 1271 rapido
430 1198 574 1255 convenit
592 1215 664 1254 ursa
684 1198 758 1253 cani.

80 1288 139 1342 Illa
158 1288 280 1360 quidem
298 1288 386 1343 festis
406 1289 478 1343 dum
498 1287 637 1342 centibus
657 1287 759 1342 omnia
779 1287 908 1356 fervent,
930 1316 933 1323 ·

116 1376 246 1448 Ingemit
267 1382 298 1430 et
317 1394 428 1450 nomen
449 1376 588 1431 clamitat
605 1393 702 1447 usque
723 1393 835 1431 meum.

80 1466 181 1520 Instat
199 1467 252 1520 scd
271 1465 364 1520 durus
384 1465 513 1520 nimium
531 1471 619 1535 pater
638 1483 673 1519 ac
692 1465 772 1518 mala
792 1478 897 1534 mater,

117 1556 253 1624 Jungere
273 1555 404 1624 disparia
425 1572 550 1624 corpore
570 1554 649 1608 velle
669 1553 735 1608 duc.

81 1645 217 1715 Jungere
237 1637 290 1700 sed
309 1653 427 1699 mentes
446 1662 507 1698 non
525 1644 572 1699 vis
591 1661 703 1700 vesana
721 1651 890 1714 parentum,

115 1734 178 1788 Nec
197 1734 311 1804 poterit
330 1751 468 1789 summus
488 1734 633 1804 Juppiter
651 1733 714 1804 ipse
736 1733 865 1805 quidem.

80 1823 192 1879 Dedita
207 1824 270 1894 jam
289 1825 405 1895 pridem
424 1831 471 1879 est
491 1824 585 1889 nobie,
607 1829 638 1879 et
657 1823 778 1878 deditus
797 1823 845 1877 illi

115 1915 164 1970 Sic
184 1932 238 1985 ego
259 1933 335 1983 sum,
355 1922 391 1970 ut
411 1933 576 1986 numquam
595 1914 711 1968 dividat
730 1915 794 1968 ulla
813 1913 886 1968 dies.

79 2005 129 2060 Me
148 2011 252 2059 tamen
271 2004 425 2060 innumeri
443 2010 589 2076 torquent
608 2003 674 2059 sine
693 2005 751 2058 fine
773 2004 901 2071 dolores,

115 2094 235 2165 Regnat
255 2101 286 2148 et
305 2093 336 2147 in
356 2093 437 2148 tristi
456 2101 579 2164 pectore
599 2093 682 2147 dirus
702 2110 792 2146 amor.

80 2183 161 2252 Ergo
181 2200 236 2252 age
256 2181 440 2252 conspiciam
460 2181 589 2236 liventia
608 2180 731 2236 brachia
751 2199 840 2248 nexu,

116 2271 157 2323 Et
175 2267 295 2323 videam
314 2287 416 2323 morsu
436 2269 518 2328 ‚colla
536 2274 644 2322 notata
662 2267 738 2322 fero.
987 2337 989 2344 Ι

80 2358 183 2424 Quum
201 2358 285 2412 volet
303 2375 374 2428 ergo
394 2357 478 2411 dabis
498 2357 677 2414 mollissima
695 2356 809 2426 suavia,
830 2358 881 2412 vel
900 2357 981 2429 quod

115 2448 264 2502 Junctum
284 2446 428 2501 suaviolis
447 2447 586 2516 protinus
604 2464 670 2502 esse
690 2448 778 2502 solet.

80 2536 160 2606 Ergo
179 2553 233 2606 ego
252 2535 396 2591 dilectam
415 2543 536 2590 tantum
556 2536 696 2606 spectabo
715 2535 851 2605 puellam

118 2625 252 2696 Tangere
274 2626 326 2697 qui
346 2625 467 2696 poterit,
488 2643 582 2695 quum
600 2625 685 2693 velit,
706 2625 785 2680 alter
805 2625 872 2680 erit.

80 2714 148 2768 Non
167 2733 235 2770 sum
255 2733 309 2786 ego
329 2715 381 2787 qui
400 2715 511 2786 possim
531 2714 644 2770 tacitus
663 2715 744 2768 mala
762 2721 848 2770 tanta
867 2714 979 2784 videre,

116 2804 194 2858 Nam
212 2804 286 2858 mihi
305 2805 407 2859 nescio
429 2805 501 2876 quid
520 2803 656 2875 suggerit
676 2804 734 2859 iste
754 2805 850 2859 dolor.

81 2891 140 2957 Qui
158 2894 282 2949 demens
302 2900 404 2948 tentos
423 2893 503 2964 potis
522 2900 567 2948 est
587 2893 716 2947 tolerare
737 2894 857 2948 dolores

117 2983 231 3036 Ferrea
249 3000 416 3037 marmoreo
436 2989 560 3053 pectore
581 2983 671 3037 corda
689 2983 777 3052 gerit.

81 3070 194 3139 Erepto
213 3076 260 3124 est
279 3088 386 3141 passus
405 3070 541 3125 Briseide
561 3076 697 3126 moestus
717 3070 862 3137 Achilles,

117 3160 162 3214 Ut
179 3157 269 3214 fortis
287 3163 408 3216 Danaes
426 3166 561 3215 verteret
580 3161 695 3214 Hector
714 3177 793 3230 opes.

80 3246 141 3302 Hic
160 3246 253 3314 furor,
275 3249 399 3305 ermetis
417 3248 449 3303 in
470 3250 590 3320 Trojum
609 3250 694 3304 mille
715 3249 834 3319 carinis¹

117 3337 220 3393 Diruit
239 3339 371 3405 argolica
390 3340 536 3410 Pergama
556 3342 636 3395 celsa
656 3359 756 3396 manu.

81 3427 140 3482 Sed
159 3427 232 3498 quid
252 3445 306 3499 ego
325 3428 452 3483 heroum
471 3447 552 3484 nunc
571 3429 671 3500 prisca
690 3431 830 3501 exempla
849 3431 998 3487 revolvo?

118 3515 247 3571 Pectore
268 3523 448 3571 cunctorum
468 3525 639 3574 commovet
658 3519 715 3575 iste
736 3520 829 3574 furor.
