2572 4020
59 220 62 226 ¹
161 196 197 254 74

87 266 90 273 Ι
176 303 267 362 Illius
286 324 304 360 a
323 321 393 361 cara
411 305 464 378 qui
481 323 530 360 me
547 304 696 378 genitrice
714 306 863 380 domoque

211 395 270 450 'Pot
289 395 389 452 valuit
407 413 526 451 menses
544 394 712 451 detinuisse
730 396 848 466 procul.

175 485 221 540 'Pu
239 485 306 541 siue
325 503 373 541 me
392 485 496 542 tacitis
515 485 671 552 excedere,
691 485 796 558 Lydia,
816 485 913 556 portis

210 575 257 631 'ru
276 574 342 631 sine
359 591 408 629 me
425 574 505 647 potis
523 592 556 630 es
575 592 647 630 rura
665 574 771 630 videre
789 576 864 631 tua?

175 664 235 722 Gur
254 663 397 720 comitem
414 681 462 720 me
482 663 559 721 dura
576 681 670 736 neges
688 664 869 721 admittere?
888 682 980 724 curve

210 753 333 810 Semina
351 772 419 810 sum
437 753 547 808 rhedae
567 752 633 809 visa
651 771 779 810 onerosa
798 755 890 810 tuae?

173 843 211 899 In
229 849 284 899 tua
302 861 363 898 non
382 842 456 898 adeo
475 859 633 914 peccarem
653 843 809 899 commoda
827 844 960 911 demens,

210 932 334 988 Arctius
352 940 389 988 ut
407 949 576 1005 premerem
594 940 681 1005 terga
700 935 821 990 latusve
840 939 938 989 tuum.

175 1023 350 1079 conductus
369 1041 429 1078 non
448 1024 554 1078 deerat
573 1041 677 1094 equus,
697 1043 760 1079 uon
777 1024 883 1080 deerat
901 1025 1027 1095 amicus,

210 1112 350 1170 Juvisset
369 1113 487 1168 mannis
505 1113 558 1186 qui
578 1131 645 1169 mea
664 1118 737 1170 vota
755 1113 827 1170 suis.

174 1204 242 1276 Ipse
262 1203 353 1275 pedes
372 1203 481 1260 validis
500 1203 587 1275 potui
605 1204 766 1259 decurrere
784 1203 897 1275 plantis

208 1292 277 1348 Sive
296 1293 422 1348 terenda
440 1291 548 1360 brevis,
567 1311 623 1349 seu
642 1292 691 1349 via
710 1294 800 1365 longa
819 1293 887 1349 fuit.

175 1379 236 1453 (Ah
254 1399 317 1453 ego,
338 1381 409 1451 vita,
429 1384 518 1440 modo
537 1385 662 1453 sineres)
680 1404 770 1458 quam
788 1384 911 1440 fortiter
929 1385 1014 1455 irem,

209 1469 338 1526 Sisteret
356 1477 391 1526 ut
409 1473 513 1528 nullus
533 1491 622 1530 crura
641 1474 735 1529 citata
753 1473 853 1529 labor!

172 1558 355 1631 Oorruptum
373 1580 430 1616 nec
448 1562 507 1617 iter
524 1562 640 1635 hyeme,
661 1569 693 1619 et
711 1563 895 1635 pluvialibus
914 1563 1025 1619 austris

209 1649 360 1706 Suasisset
374 1650 481 1722 justas,
501 1657 533 1707 te
552 1659 741 1724 properante,
760 1671 869 1710 moras.

177 1741 248 1796 Sum
269 1740 334 1796 sine
355 1746 386 1796 te
405 1741 539 1810 viduum,
559 1762 598 1798 an
616 1762 663 1799 me
683 1745 766 1800 ultra
784 1743 909 1816 patieris
928 1744 1052 1800 abesse?

209 1831 280 1885 Heu
300 1829 446 1886 miserum
464 1848 562 1886 meme
581 1849 698 1902 quaeso,
718 1833 824 1889 venire
839 1833 930 1904 jube!

174 1919 291 1989 Ecquid
310 1919 423 1974 habent
441 1918 536 1992 gelidi
553 1924 671 1974 montes
691 1924 723 1973 et
741 1918 894 1990 inhospita
911 1925 1022 1990 tesqua

208 2009 326 2080 Ecquid
344 2008 457 2064 habent
475 2008 539 2064 eine
560 2025 608 2063 me
627 2006 717 2064 devia
734 2025 806 2064 rura
823 2007 914 2064 boni?

174 2100 294 2166 Quaeso
313 2099 418 2156 venire
435 2099 524 2172 jube!
542 2099 690 2155 Placeant
708 2105 776 2154 tum
794 2100 894 2155 lustra
910 2098 1046 2155 ferarum

210 2192 311 2263 Atque
330 2188 404 2247 feris
424 2207 509 2246 arces
529 2189 683 2245 montibus
702 2189 873 2262 impositae.

174 2279 253 2335 Tum
270 2281 412 2351 placeant
430 2280 544 2352 sylvae,
565 2285 639 2335 tunc
658 2278 721 2335 sint
738 2279 915 2351 gratissima
931 2297 1013 2351 saxa,

206 2371 286 2424 Dum
304 2370 385 2425 latus
404 2369 467 2440 ipse
487 2375 597 2442 tegam,
616 2370 739 2440 duxque
759 2387 919 2440 comesque
939 2375 1036 2426 tuum.

174 2458 260 2514 'Punc
275 2458 365 2530 juvet
382 2459 489 2515 audaci
506 2460 626 2530 lepores
644 2458 760 2532 agitare
777 2461 892 2529 lacoue,

208 2548 363 2621 Caecaque
382 2549 540 2605 nocturnis
559 2567 672 2621 ponere
691 2549 794 2605 vincla
812 2549 902 2620 lupis.

171 2638 267 2710 Inque
286 2639 390 2710 plagas
409 2639 534 2694 turdum
552 2639 683 2711 strepitu
701 2638 860 2694 detrudere
880 2638 1012 2704 edacem,

207 2727 248 2780 Et
266 2743 476 2798 quaecumque
497 2725 615 2799 hyemis
634 2726 745 2798 gaudia
762 2746 834 2783 rura
852 2726 965 2783 ferunt.

170 2815 288 2881 Quaeso
308 2815 413 2873 venire
428 2817 510 2888 jube,
530 2817 610 2889 quod
628 2816 655 2872 si
672 2817 753 2873 mala
771 2835 927 2872 murmura
944 2816 1032 2889 vulgi

205 2907 249 2962 Ne
271 2907 381 2962 cierem
400 2907 525 2962 veniens
544 2912 591 2961 est
608 2904 707 2974 timor,
727 2907 793 2978 ipsa
817 2907 891 2963 redi.

184 3111 416 3166 Queet’elegiaper
424 3124 459 3155 un
470 3123 559 3155 amore
570 3112 700 3166 reggiauo,
711 3125 760 3157 oon
768 3112 853 3156 molta
862 3108 1030 3166 probabilita,
1042 3110 1067 3157 il
1075 3111 1141 3158 Oar-

152 3176 226 3221 ducoi
239 3181 334 3232 reputa
348 3177 444 3223 scritta
456 3177 503 3222 nel
517 3178 578 3222 1502.
602 3178 647 3232 Op.
661 3180 716 3231 cit.;
732 3191 757 3232 p.
773 3179 844 3223 lis-r.
