2498 4012
173 297 227 353 106

188 401 259 459 Vidi
279 419 335 472 ego
353 418 408 472 pro
428 399 535 458 vitulis
552 400 651 460 fortes
669 418 850 459 concurrere
870 406 990 470 taurea,

223 493 264 546 Et
283 491 416 562 pretium
433 491 550 562 palmae
570 491 648 546 sima
667 492 785 564 capella
802 490 871 546 fnit.

188 581 209 636 J
211 588 365 651 ungantur
381 580 444 651 jam
462 580 584 651 griphes
603 581 699 653 equis,
718 583 838 653 lepores
857 579 1065 654 canibusque,

224 670 295 725 Jam
314 669 421 740 vulpes
440 668 540 737 hircis,
561 669 747 743 candidaque
767 688 844 742 agna
863 670 947 740 lupo.

189 760 303 815 Enatet
321 759 353 813 in
372 759 454 813 siooo
473 776 653 831 squamosus
671 759 777 814 littore
796 758 898 830 piscis,

225 848 332 902 Currat
350 856 381 903 et
399 850 431 903 in
452 848 557 903 nitidis
575 847 721 904 fluctibus
740 867 811 904 acer
830 847 910 903 onix.

191 937 381 1007 Roscidaque
401 939 433 991 in
452 938 535 1008 pioto
555 945 722 993 nascantur
739 937 877 1009 gramina
897 938 997 1007 coelo,

228 1026 379 1098 Terraque
400 1027 543 1098 sydereae
562 1027 695 1098 perferat
714 1027 780 1099 ipsa
797 1026 889 1082 faces.

191 1117 300 1173 Omnia
318 1123 479 1172 vertantur
494 1115 564 1187 jura
582 1124 615 1171 et
633 1116 790 1187 primoeva
807 1123 983 1186 parentum,

226 1206 418 1279 Incipiatque
437 1207 525 1263 novis
545 1206 664 1278 legibus
684 1206 765 1261 orbis
783 1206 842 1277 agi.

194 1299 218 1352 Ο
238 1297 349 1352 summi
368 1297 471 1369 regina
489 1296 593 1368 Paphi,
613 1314 630 1351 o
648 1297 822 1368 pharetrate
842 1295 970 1367 Cupido,

227 1386 258 1441 Si
278 1386 384 1453 merui,
404 1386 483 1441 votis
502 1404 593 1454 nuno,
612 1403 694 1457 rogo,
714 1386 818 1441 adeste
837 1385 921 1440 meis.

194 1476 265 1530 Heu
285 1473 377 1529 facite
397 1475 517 1530 assiduo
537 1483 718 1546 rumpantur
736 1482 772 1530 ut
790 1474 844 1528 ilia
861 1480 959 1543 motu,

230 1568 294 1621 Ant
312 1565 414 1620 subito
433 1565 488 1620 fiet
505 1566 602 1636 primo
622 1565 654 1619 in
674 1582 776 1620 amore
795 1563 881 1635 lapis.

196 1654 264 1708 Hoo
282 1653 362 1724 petit
380 1652 549 1709 innumeris
567 1653 707 1724 precibus
726 1652 931 1709 moestissima
951 1654 1080 1722 coniux,

230 1746 271 1800 Et
289 1744 387 1799 multo
406 1744 528 1798 domina
546 1743 664 1798 tristior
683 1742 745 1813 ipse
763 1749 842 1813 peto.

198 1833 319 1890 Crimen
340 1833 399 1888 erit
417 1834 511 1888 talem
531 1851 592 1887 non
612 1831 772 1888 exaudisse
791 1831 935 1902 puellam,

235 1923 318 1988 Quae
338 1922 395 1977 tibi
415 1921 558 1993 coniungi
577 1920 667 1993 digna
685 1927 759 1990 erat,
780 1921 858 1976 almo
877 1938 963 1991 puer.

196 2012 243 2067 'Pu
262 2019 374 2079 tamen,
394 2029 411 2065 o
431 2029 499 2065 mea
517 2012 580 2079 lux,
600 2010 754 2066 constanti
772 2010 848 2064 haec
866 2017 970 2066 mente
992 2018 1114 2083 taoeto,

232 2104 317 2169 Quae
336 2100 411 2158 mihi
430 2102 580 2156 moerenti
600 2099 731 2156 seribere
748 2100 840 2172 jussit
858 2118 951 2156 amor.

198 2195 283 2248 Hora
301 2190 376 2246 mihi
394 2191 529 2260 immitia,
549 2210 642 2263 quum
662 2209 715 2247 vos
735 2189 892 2262 conjungit
911 2191 944 2246 in
964 2210 1076 2267 unum,

232 2283 375 2357 Accipias
393 2282 541 2354 quidquid
559 2300 670 2352 quaeso
690 2287 798 2337 ooaota
815 2282 913 2336 datur.

196 2371 367 2428 Blanditiae
388 2377 518 2440 taceant,
538 2369 690 2426 luctantia
709 2377 741 2426 ot
760 2371 864 2426 oscula
886 2380 1002 2444 carpat,

231 2460 334 2516 Invita
353 2466 384 2515 et
403 2459 494 2515 lateri
513 2476 645 2528 consere,
665 2459 761 2532 virg0,
780 2461 872 2517 latus.

197 2553 299 2609 Invita
317 2552 445 2608 hirsutis
465 2552 565 2607 tradas
584 2558 639 2607 tua
658 2554 737 2608 oolla
755 2551 886 2621 lacertis,

233 2647 336 2702 Invita
355 2652 386 2701 et
405 2646 530 2701 niveum
549 2664 618 2700 oum
636 2647 712 2716 pede
732 2664 809 2717 pone
829 2645 946 2717 pedem.

198 2739 299 2808 Atque
325 2743 379 2792 tuo
398 2738 495 2791 nostri
514 2737 644 2791 subeant
663 2736 695 2790 in
713 2744 837 2807 pectore
856 2736 988 2806 vultus,

234 2827 279 2882 Ut
298 2826 393 2898 magis
413 2845 430 2880 a
448 2827 507 2881 fido
527 2826 568 2881 sis
587 2826 688 2880 aliena
706 2826 781 2882 viro.

198 2919 283 2972 Haeo
302 2916 328 2970 si
346 2913 544 2986 praestiteris,
564 2915 590 2970 si
608 2914 705 2979 nostri
723 2914 844 2970 flamma
862 2917 1009 2988 manebit,

235 3005 406 3078 Numquam
426 3007 462 3061 ab
482 3022 583 3059 amore
603 3010 657 3059 tuo
676 3003 773 3059 libera
793 3006 882 3060 corda
898 3004 1009 3062 feram.
