2498 4012
222 394 381 466 Projectus
400 401 432 450 et
452 395 533 452 curis
553 396 672 450 solutus
693 393 835 449 omnibus

224 485 322 553 Oanis,
342 485 422 556 quod
440 484 505 556 ipsa
525 483 639 539 circum
659 484 757 555 imago
778 490 926 538 consonet

222 577 263 629 Et
282 575 345 628 alta
363 574 492 628 reddant
511 573 663 647 montium
683 572 849 629 eacumina.

224 664 313 720 Felix
331 666 406 729 Iole,
426 682 507 718 nunc
527 663 584 718 tibi
602 646 670 718 lons
689 663 870 734 languidum

224 755 323 811 Affert
342 772 482 825 soporem
501 754 675 808 blandiente
696 771 859 819 murmure,

224 844 313 899 Nunc
333 843 418 898 dulci
436 861 537 896 amore
555 842 677 899 saucius
697 849 769 899 tuos
787 842 875 897 novis

224 934 339 989 Incidis
357 934 444 1004 ignes
463 933 592 1004 populis,
612 939 644 988 et
662 932 767 1003 stipite

225 1025 388 1079 Crescente
409 1022 528 1078 dulcior
547 1022 635 1078 simul
658 1022 769 1077 crescit
783 1023 873 1077 calor.

226 1115 341 1168 Tecum
359 1113 392 1168 in
411 1113 536 1167 reducta
556 1113 636 1167 valle
655 1130 728 1183 grex
747 1112 928 1183 depascitur,

225 1202 440 1273 Quantumque
459 1201 558 1270 longis
578 1201 694 1256 solibus
715 1208 843 1272 carpunt
863 1219 945 1269 oves²

225 1291 318 1347 Brevi
337 1289 468 1361 resurgit
486 1296 583 1357 nocte,
603 1298 707 1345 tecum
726 1308 853 1361 vespere

226 1381 374 1452 Surgente
394 1379 475 1434 notis
493 1378 646 1434 clauditur
664 1380 868 1450 praesepibus,

227 1469 386 1541 Astrisque
404 1469 467 1540 jam
487 1468 675 1537 cadentibus,
697 1487 773 1542 cum!
786 1487 899 1539 pascua

230 1561 328 1615 Lento
349 1561 529 1614 madescunt
547 1576 623 1624 rore,
643 1559 764 1629 prosilit
782 1577 875 1630 pecus

227 1650 337 1704 Molles
357 1649 394 1703 ad
412 1648 527 1703 herbae.
549 1647 608 1702 Hic
627 1647 684 1702 tibi
703 1655 778 1703 tunc
798 1647 906 1702 alitum

227 1741 487 1812 Oongratulantur
507 1745 629 1794 cantus:
649 1738 699 1793 hic
718 1738 862 1794 felicibus
976 1803 981 1811 ,

225 1831 350 1902 Aspirat
370 1830 454 1885 auris
474 1830 653 1898 obstrepens
674 1827 837 1885 Favonius
944 1832 947 1837 ’

226 1923 268 1976 At
286 1927 330 1988 tu,
352 1921 440 1974 beate
458 1924 569 1988 pastor,
589 1917 648 1973 isto
668 1936 794 1973 munere

226 2011 288 2065 Diu
307 2009 425 2077 fruare3
445 2026 500 2062 nec
519 2025 627 2063 nemus
647 2026 704 2063 nec
723 2008 830 2062 florida

227 2097 367 2153 Offendat
386 2114 460 2151 arva
478 2095 575 2166 frigus
595 2114 679 2152 acre:
700 2095 753 2150 sed
773 2095 830 2150 tibi

226 2189 363 2243 Aeterno
382 2185 481 2256 aperti
499 2203 571 2242 vere
591 2185 720 2242 floreant
738 2185 811 2257 agri.
909 2210 911 2216 ’

572 2440 616 2491 ΙΙ.

451 2591 729 2661 DAPHNIS

470 2733 633 2787 (Elegiarum
649 2732 715 2784 Lib.)

227 2898 322 2951 Beate
342 2893 418 2961 fone,
439 2894 537 2949 ocelle
556 2893 689 2948 fontium
709 2893 845 2947 omnium

229 2983 290 3049 Qui
308 2983 391 3055 picta
411 2982 516 3037 multis
535 2987 623 3052 prata
641 2980 766 3036 fioribus
786 2979 874 3050 rigaS,

232 3070 359 3144 Tuoque
379 3087 506 3127 suavem
525 3070 625 3123 rivulo
643 3069 776 3125 halitum
794 3068 908 3140 accipis

228 3161 318 3216 Unde
338 3161 402 3231 ipse
423 3160 556 3215 odoratis
576 3176 695 3231 quoque
716 3157 815 3213 affluis
834 3159 937 3230 aquis:

229 3249 294 3305 Has
313 3250 465 3322 lacrymas
484 3247 569 3303 saevi
587 3245 701 3302 doloris
720 3245 845 3301 nuntias

230 3339 366 3411 Daphnis
386 3339 519 3393 secundo
539 3355 640 3391 amore
659 3335 723 3406 jam
741 3335 806 3391 Diis
825 3336 990 3407 proximuS,

229 3429 317 3482 Nunc
338 3427 475 3482 omnium
495 3426 691 3491 miserrimus
712 3423 788 3481 libat
807 3425 878 3480 tibi:

231 3518 276 3573 Ut
294 3515 377 3570 bella
396 3516 501 3581 Erilla
522 3514 594 3568 dum
614 3514 714 3568 calore
733 3512 878 3583 languida

231 3605 306 3664 Tuis
324 3605 486 3679 refrigerat
504 3604 633 3679 papillas
652 3602 785 3675 undulis,
861 3604 864 3609 “
