2498 4012
130 242 184 297 lea

146 349 260 404 Forsan
278 354 310 400 et
328 346 455 401 alterins
473 348 598 417 placidis
616 351 806 420 amplexibus
824 354 948 413 haeres.

179 439 220 493 Et
239 435 368 493 Veneris
385 444 490 508 gratae
509 438 598 492 dulce
617 438 746 494 resolvis
766 461 853 512 opus.

142 530 179 583 ln
198 546 245 582 me
264 535 507 599 nocturnumque
525 529 628 597 gelum
647 538 678 584 et
698 542 851 586 nocturna
870 538 995 604 pruina

176 616 287 680 saevit,
307 624 339 671 et
356 614 461 670 effusis
479 615 598 671 defluus
617 618 712 672 imber
730 620 833 690 aquis:

141 707 227 776 Nam,
245 723 299 762 scu
317 705 497 777 praecipites
515 707 705 762 descendunt
723 714 792 766 aere
811 712 920 779 nimbi,

177 794 248 849 Sive
267 793 419 869 pruinosis
438 813 512 848 arva
530 794 630 865 rigent
649 796 781 860 nivibus

141 889 272 943 Aetates
289 902 375 939 servo
393 894 495 956 pestes
514 885 674 956 pigrosque
694 889 889 955 Decembres,

176 973 328 1031 Insomnis
346 974 430 1030 duris
447 975 583 1029 sustineo
602 977 752 1046 gradibus.

140 1067 182 1122 Et
198 1083 311 1138 queror
328 1072 361 1120 et
377 1065 520 1137 lacrymis
540 1065 695 1121 collucent
711 1067 822 1124 limina
840 1075 969 1133 nostris.

176 1156 257 1227 (Heu
276 1155 385 1211 misera
403 1154 530 1210 immitis
549 1155 667 1210 viscera
686 1165 811 1228 torquet
830 1163 951 1237 Amor.)

139 1247 181 1302 Et
199 1264 320 1319 queror,
339 1254 372 1300 et
389 1246 541 1317 lacrymas
559 1245 677 1300 incerto
695 1244 819 1302 flamine
837 1259 955 1308 ventus

175 1335 345 1391 'Panailiens
363 1335 470 1390 molles
488 1341 590 1404 portat
612 1334 644 1388 in
663 1337 833 1392 Armenios.

140 1429 189 1485 Sic
207 1446 307 1500 pereo,
327 1430 399 1491 Dea,
418 1425 462 1481 sic
481 1426 569 1480 miles
589 1433 661 1481 tuus
680 1426 782 1480 acrius
800 1447 889 1484 uror:

174 1517 282 1587 Arrige
296 1517 359 1588 jam
377 1516 416 1570 ad
434 1522 567 1569 nostram
585 1532 690 1569 aurem
709 1517 894 1574 Amathunti
913 1540 1041 1592 preces.

142 1607 285 1662 Securum
302 1603 427 1662 Chlorin
446 1604 539 1659 tereti
559 1603 676 1675 confige
696 1604 810 1671 dolore,

174 1697 215 1751 Et
231 1713 333 1767 preme
352 1694 509 1765 supposito
527 1693 623 1748 libera
642 1695 733 1749 corda
750 1696 836 1765 pede.

139 1786 257 1842 Sentiat
273 1784 330 1842 illa
345 1801 429 1839 meos
448 1791 559 1849 aestus,
577 1784 768 1856 suspiriaque
788 1785 865 1840 ima:

173 1873 305 1930 Hauriat
323 1872 508 1944 intrepidum
527 1873 640 1945 pallida
659 1892 732 1929 cura
749 1873 839 1930 latus

138 1967 202 2021 Aut
220 1981 269 2019 me
287 1981 349 2018 non
367 1980 463 2034 aequo
482 1963 704 2034 quamprimum
722 1962 805 2018 fasce
824 1965 941 2035 levato,

173 2055 238 2109 Ant
255 2052 341 2106 illam
358 2050 482 2122 paribus
500 2069 555 2106 ure
575 2051 774 2122 cupidinibus.

140 2143 269 2197 Interim
286 2141 361 2197 habe
381 2141 490 2207 fumos,
511 2148 543 2196 et
561 2142 679 2197 olentes
698 2142 823 2196 baccare
843 2143 996 2222 flammas,

173 2233 259 2287 Haec
278 2248 352 2302 cape
370 2231 530 2302 purpureis
550 2231 617 2286 lilia
636 2250 704 2287 cum
723 2231 826 2286 violis.

579 2440 632 2492 IV.

514 2557 696 2626 Paneas

459 2678 637 2732 (Strumatum,
653 2679 702 2724 Lib
715 2679 750 2732 ιι.)

180 2825 182 2829 ⁷
243 2840 375 2897 Umbrae
397 2840 530 2895 altorum
548 2841 665 2912 gelidae
684 2858 852 2910 nemorum,

242 2930 362 2987 Virides
380 2929 463 2997 rami,
481 2948 536 3000 per
554 2949 631 3000 qnos
649 2930 757 3001 pictae,

240 3024 390 3080 Volucres
410 3029 519 3078 cantus
538 3025 652 3078 iterant
670 3023 780 3088 varios,

242 3116 301 3168 Per
319 3132 396 3185 qnos
415 3113 548 3185 Zephyri
567 3113 687 3170 mobilis
707 3133 782 3170 aura

242 3203 399 3275 Crepitans
418 3203 526 3258 faciles
547 3203 632 3258 ducit
650 3221 778 3270 somnos,

242 3290 340 3348 Vitrei
357 3291 465 3360 fontes,
485 3293 538 3362 qui
556 3311 609 3364 per
627 3294 709 3348 laeta

243 3380 386 3435 Gramina
403 3380 499 3436 fluitis
518 3400 670 3437 murmure
689 3401 789 3450 rauce,

241 3469 380 3524 Resonae
398 3469 503 3535 valles,
524 3488 600 3542 quae
620 3470 772 3541 praebetis

242 3558 353 3614 Lustra
370 3556 444 3613 feris
462 3557 618 3614 horrentia
636 3559 755 3633 rapidis,
