<?xml version="1.0" encoding="UTF-8"?>
<!DOCTYPE html PUBLIC "-//W3C//DTD XHTML 1.0 Transitional//EN"
    "http://www.w3.org/TR/xhtml1/DTD/xhtml1-transitional.dtd">
<html xmlns="http://www.w3.org/1999/xhtml" xml:lang="en" lang="en">
 <head>
  <title>
</title>
<meta http-equiv="Content-Type" content="text/html;charset=utf-8" />
  <meta name='ocr-system' content='tesseract 3.04.00' />
  <meta name='ocr-capabilities' content='ocr_page ocr_carea ocr_par ocr_line ocrx_word'/>
</head>
<body>
  <div class='ocr_page' id='page_1' title='image "./antologiadellal01costgoog_0057.png"; bbox 0 0 2498 4012; ppageno 0'>
   <div class='ocr_carea' id='block_1_1' title="bbox 151 254 169 306">
    <p class='ocr_par' dir='ltr' id='par_1_1' title="bbox 151 254 169 306">
     <span class='ocr_line' id='line_1_1' title="bbox 151 254 169 306; baseline 0 0"><span class='ocrx_word' id='word_1_1' title='bbox 151 254 169 306; x_wconf 78' lang='lat'>4</span> 
     </span>
    </p>
   </div>
   <div class='ocr_carea' id='block_1_2' title="bbox 148 358 1129 560">
    <p class='ocr_par' dir='ltr' id='par_1_2' title="bbox 148 358 1129 560">
     <span class='ocr_line' id='line_1_2' title="bbox 150 358 1129 431; baseline 0.01 -24"><span class='ocrx_word' id='word_1_2' title='bbox 150 375 166 407; x_wconf 93' lang='lat' dir='ltr'>e</span> <span class='ocrx_word' id='word_1_3' title='bbox 182 358 261 407; x_wconf 78' lang='lat' dir='ltr'>dallo</span> <span class='ocrx_word' id='word_1_4' title='bbox 278 359 396 422; x_wconf 79' lang='lat' dir='ltr'>Scepss).</span> <span class='ocrx_word' id='word_1_5' title='bbox 413 387 443 395; x_wconf 89' lang='lat'>—</span> <span class='ocrx_word' id='word_1_6' title='bbox 459 360 612 410; x_wconf 55' lang='lat' dir='ltr'>nminat.</span> <span class='ocrx_word' id='word_1_7' title='bbox 633 362 785 412; x_wconf 65' lang='lat' dir='ltr'>(esurienti</span> <span class='ocrx_word' id='word_1_8' title='bbox 800 364 862 412; x_wconf 82' lang='lat' dir='ltr'>alla</span> <span class='ocrx_word' id='word_1_9' title='bbox 877 362 965 414; x_wconf 74' lang='lat' dir='ltr'>storia</span> <span class='ocrx_word' id='word_1_10' title='bbox 982 366 1129 431; x_wconf 75' lang='lat' dir='ltr'>bioprafica</span> 
     </span>
     <span class='ocr_line' id='line_1_3' title="bbox 148 433 1128 560; baseline 0.008 -77"><span class='ocrx_word' id='word_1_11' title='bbox 148 433 274 560; x_wconf 52' lang='lat' dir='ltr'>{glire</span> <span class='ocrx_word' id='word_1_12' title='bbox 289 433 320 484; x_wconf 80' lang='lat' dir='ltr'>di</span> <span class='ocrx_word' id='word_1_13' title='bbox 335 436 452 486; x_wconf 72' lang='lat' dir='ltr'>Antonio</span> <span class='ocrx_word' id='word_1_14' title='bbox 469 435 631 497; x_wconf 72' lang='lat' dir='ltr'>Beccadelli,</span> <span class='ocrx_word' id='word_1_15' title='bbox 651 439 720 487; x_wconf 72' lang='lat' dir='ltr'>detto</span> <span class='ocrx_word' id='word_1_16' title='bbox 738 437 759 488; x_wconf 80' lang='lat' dir='ltr'>il</span> <span class='ocrx_word' id='word_1_17' title='bbox 776 439 967 489; x_wconf 66' lang='lat' dir='ltr'>Panormita.-</span> <span class='ocrx_word' id='word_1_18' title='bbox 985 441 1128 505; x_wconf 83' lang='lat' dir='ltr'>Palermu,</span> 
     </span>
    </p>
   </div>
   <div class='ocr_carea' id='block_1_3' title="bbox 482 687 783 862">
    <p class='ocr_par' dir='ltr' id='par_1_3' title="bbox 482 687 783 862">
     <span class='ocr_line' id='line_1_4' title="bbox 622 687 649 736; baseline -0.037 0"><span class='ocrx_word' id='word_1_19' title='bbox 622 687 649 736; x_wconf 93' lang='grc' dir='ltr'>Ι.</span> 
     </span>
     <span class='ocr_line' id='line_1_5' title="bbox 482 794 783 862; baseline 0.01 -3"><span class='ocrx_word' id='word_1_20' title='bbox 482 794 783 862; x_wconf 68' lang='grc' dir='ltr'>ΕΡΙΤΑΡΙΠΠΙ</span> 
     </span>
    </p>
   </div>
   <div class='ocr_carea' id='block_1_4' title="bbox 131 894 1141 1059">
    <p class='ocr_par' dir='ltr' id='par_1_4' title="bbox 131 894 1141 1059">
     <span class='ocr_line' id='line_1_6' title="bbox 131 894 1141 947; baseline 0.011 -13"><span class='ocrx_word' id='word_1_21' title='bbox 131 895 315 934; x_wconf 72' lang='lat' dir='ltr'>nomem:</span> <span class='ocrx_word' id='word_1_22' title='bbox 322 894 470 936; x_wconf 65' lang='lat' dir='ltr'>{insessis</span> <span class='ocrx_word' id='word_1_23' title='bbox 480 897 625 937; x_wconf 67' lang='lat' dir='ltr'>pruinae</span> <span class='ocrx_word' id='word_1_24' title='bbox 635 898 842 939; x_wconf 72' lang='lat' dir='ltr'>entmssnran</span> <span class='ocrx_word' id='word_1_25' title='bbox 854 902 894 941; x_wconf 74' lang='lat' dir='ltr'>AC</span> <span class='ocrx_word' id='word_1_26' title='bbox 904 902 1141 947; x_wconf 59' lang='lat' dir='ltr'>uomrlssurau</span> 
     </span>
     <span class='ocr_line' id='line_1_7' title="bbox 471 1005 795 1059; baseline 0.012 -12"><span class='ocrx_word' id='word_1_27' title='bbox 471 1005 686 1059; x_wconf 77' lang='lat' dir='ltr'>(Ermaphroditi.</span> <span class='ocrx_word' id='word_1_28' title='bbox 700 1008 753 1050; x_wconf 75' lang='lat' dir='ltr'>nie.</span> <span class='ocrx_word' id='word_1_29' title='bbox 767 1008 795 1058; x_wconf 85' lang='lat'>1.)</span> 
     </span>
    </p>
   </div>
   <div class='ocr_carea' id='block_1_5' title="bbox 159 1153 1091 1985">
    <p class='ocr_par' dir='ltr' id='par_1_5' title="bbox 164 1153 1023 1309">
     <span class='ocr_line' id='line_1_8' title="bbox 164 1153 1023 1225; baseline 0.007 -19"><span class='ocrx_word' id='word_1_30' title='bbox 164 1153 328 1224; x_wconf 85' lang='lat' dir='ltr'>Postquam</span> <span class='ocrx_word' id='word_1_31' title='bbox 348 1170 515 1207; x_wconf 86' lang='lat' dir='ltr'>marmoreo</span> <span class='ocrx_word' id='word_1_32' title='bbox 530 1153 609 1223; x_wconf 86' lang='lat' dir='ltr'>jacet</span> <span class='ocrx_word' id='word_1_33' title='bbox 628 1153 685 1208; x_wconf 88' lang='lat' dir='ltr'>hoo</span> <span class='ocrx_word' id='word_1_34' title='bbox 703 1155 852 1209; x_wconf 83' lang='lat' dir='ltr'>Horiecta</span> <span class='ocrx_word' id='word_1_35' title='bbox 869 1155 1023 1225; x_wconf 79' lang='lat' dir='ltr'>sepulcro,</span> 
     </span>
     <span class='ocr_line' id='line_1_9' title="bbox 199 1238 878 1309; baseline 0.003 -18"><span class='ocrx_word' id='word_1_36' title='bbox 199 1238 270 1306; x_wconf 88' lang='lat' dir='ltr'>Ipsa</span> <span class='ocrx_word' id='word_1_37' title='bbox 287 1240 386 1292; x_wconf 78' lang='lat' dir='ltr'>Deum</span> <span class='ocrx_word' id='word_1_38' title='bbox 404 1238 523 1292; x_wconf 80' lang='lat' dir='ltr'>credam</span> <span class='ocrx_word' id='word_1_39' title='bbox 542 1238 666 1292; x_wconf 86' lang='lat' dir='ltr'>numina</span> <span class='ocrx_word' id='word_1_40' title='bbox 685 1256 771 1309; x_wconf 61' lang='lat' dir='ltr'>pome</span> <span class='ocrx_word' id='word_1_41' title='bbox 791 1238 878 1293; x_wconf 86' lang='lat' dir='ltr'>mori.</span> 
     </span>
    </p>

    <p class='ocr_par' dir='ltr' id='par_1_6' title="bbox 162 1320 941 1478">
     <span class='ocr_line' id='line_1_10' title="bbox 162 1320 941 1393; baseline 0.008 -19"><span class='ocrx_word' id='word_1_42' title='bbox 162 1321 229 1374; x_wconf 75' lang='lat' dir='ltr'>Non</span> <span class='ocrx_word' id='word_1_43' title='bbox 247 1320 306 1374; x_wconf 87' lang='lat' dir='ltr'>fuit</span> <span class='ocrx_word' id='word_1_44' title='bbox 324 1321 469 1376; x_wconf 86' lang='lat' dir='ltr'>absimilis</span> <span class='ocrx_word' id='word_1_45' title='bbox 487 1321 593 1375; x_wconf 85' lang='lat' dir='ltr'>forma.</span> <span class='ocrx_word' id='word_1_46' title='bbox 613 1338 666 1376; x_wconf 85' lang='lat' dir='ltr'>aut</span> <span class='ocrx_word' id='word_1_47' title='bbox 684 1322 850 1378; x_wconf 81' lang='lat' dir='ltr'>virtutibus</span> <span class='ocrx_word' id='word_1_48' title='bbox 867 1322 941 1393; x_wconf 88' lang='lat' dir='ltr'>ipsis</span> 
     </span>
     <span class='ocr_line' id='line_1_11' title="bbox 198 1405 835 1478; baseline 0.002 -18"><span class='ocrx_word' id='word_1_49' title='bbox 198 1405 375 1460; x_wconf 83' lang='lat' dir='ltr'>Ceelitibus.</span> <span class='ocrx_word' id='word_1_50' title='bbox 394 1407 490 1461; x_wconf 86' lang='lat' dir='ltr'>Senae</span> <span class='ocrx_word' id='word_1_51' title='bbox 509 1407 605 1477; x_wconf 87' lang='lat' dir='ltr'>gloria</span> <span class='ocrx_word' id='word_1_52' title='bbox 625 1426 734 1478; x_wconf 84' lang='lat' dir='ltr'>magna</span> <span class='ocrx_word' id='word_1_53' title='bbox 752 1426 835 1462; x_wconf 83' lang='lat' dir='ltr'>suae.</span> 
     </span>
    </p>

    <p class='ocr_par' dir='ltr' id='par_1_7' title="bbox 161 1490 1091 1647">
     <span class='ocr_line' id='line_1_12' title="bbox 161 1490 1091 1568; baseline 0.009 -24"><span class='ocrx_word' id='word_1_54' title='bbox 161 1491 232 1545; x_wconf 89' lang='lat' dir='ltr'>Heu</span> <span class='ocrx_word' id='word_1_55' title='bbox 251 1490 309 1544; x_wconf 87' lang='lat' dir='ltr'>heu</span> <span class='ocrx_word' id='word_1_56' title='bbox 329 1509 390 1544; x_wconf 91' lang='lat' dir='ltr'>non</span> <span class='ocrx_word' id='word_1_57' title='bbox 409 1490 552 1560; x_wconf 76' lang='lat' dir='ltr'>probitas¹</span> <span class='ocrx_word' id='word_1_58' title='bbox 571 1491 695 1561; x_wconf 86' lang='lat' dir='ltr'>species.</span> <span class='ocrx_word' id='word_1_59' title='bbox 717 1506 771 1546; x_wconf 84' lang='lat' dir='ltr'>aut-</span> <span class='ocrx_word' id='word_1_60' title='bbox 790 1493 881 1547; x_wconf 85' lang='lat' dir='ltr'>uuica</span> <span class='ocrx_word' id='word_1_61' title='bbox 900 1512 1091 1568; x_wconf 75' lang='lat' dir='ltr'>quemquam</span> 
     </span>
     <span class='ocr_line' id='line_1_13' title="bbox 197 1575 841 1647; baseline 0.003 -17"><span class='ocrx_word' id='word_1_62' title='bbox 197 1576 259 1630; x_wconf 85' lang='lat' dir='ltr'>Abs</span> <span class='ocrx_word' id='word_1_63' title='bbox 278 1575 455 1630; x_wconf 82' lang='lat' dir='ltr'>inclementi</span> <span class='ocrx_word' id='word_1_64' title='bbox 473 1576 593 1631; x_wconf 82' lang='lat' dir='ltr'>demere</span> <span class='ocrx_word' id='word_1_65' title='bbox 612 1590 707 1630; x_wconf 89' lang='lat' dir='ltr'>morte</span> <span class='ocrx_word' id='word_1_66' title='bbox 728 1591 841 1647; x_wconf 90' lang='lat' dir='ltr'>potest:</span> 
     </span>
    </p>

    <p class='ocr_par' dir='ltr' id='par_1_8' title="bbox 161 1661 881 1815">
     <span class='ocr_line' id='line_1_14' title="bbox 161 1661 881 1726; baseline 0.003 -11"><span class='ocrx_word' id='word_1_67' title='bbox 161 1661 249 1726; x_wconf 86' lang='lat' dir='ltr'>Quod</span> <span class='ocrx_word' id='word_1_68' title='bbox 268 1661 295 1715; x_wconf 94' lang='lat' dir='ltr'>si</span> <span class='ocrx_word' id='word_1_69' title='bbox 315 1661 396 1715; x_wconf 86' lang='lat' dir='ltr'>clara</span> <span class='ocrx_word' id='word_1_70' title='bbox 415 1664 494 1717; x_wconf 87' lang='lat' dir='ltr'>Deos</span> <span class='ocrx_word' id='word_1_71' title='bbox 512 1661 606 1715; x_wconf 85' lang='lat' dir='ltr'>faciat</span> <span class='ocrx_word' id='word_1_72' title='bbox 625 1662 764 1715; x_wconf 86' lang='lat' dir='ltr'>mortalia</span> <span class='ocrx_word' id='word_1_73' title='bbox 782 1662 881 1717; x_wconf 80' lang='lat' dir='ltr'>virtus</span> 
     </span>
     <span class='ocr_line' id='line_1_15' title="bbox 195 1744 856 1815; baseline 0.002 -16"><span class='ocrx_word' id='word_1_74' title='bbox 195 1745 334 1813; x_wconf 84' lang='lat' dir='ltr'>Corpora,</span> <span class='ocrx_word' id='word_1_75' title='bbox 354 1745 380 1799; x_wconf 91' lang='lat' dir='ltr'>si</span> <span class='ocrx_word' id='word_1_76' title='bbox 399 1746 518 1798; x_wconf 89' lang='lat' dir='ltr'>coelum</span> <span class='ocrx_word' id='word_1_77' title='bbox 536 1744 724 1814; x_wconf 86' lang='lat' dir='ltr'>simplicibus</span> <span class='ocrx_word' id='word_1_78' title='bbox 743 1754 856 1815; x_wconf 85' lang='lat' dir='ltr'>pateat.</span> 
     </span>
    </p>

    <p class='ocr_par' dir='ltr' id='par_1_9' title="bbox 159 1828 1064 1985">
     <span class='ocr_line' id='line_1_16' title="bbox 159 1828 1064 1902; baseline 0.009 -21"><span class='ocrx_word' id='word_1_79' title='bbox 159 1828 225 1882; x_wconf 77' lang='lat' dir='ltr'>Non</span> <span class='ocrx_word' id='word_1_80' title='bbox 246 1830 383 1885; x_wconf 79' lang='lat' dir='ltr'>dubitem</span> <span class='ocrx_word' id='word_1_81' title='bbox 401 1847 452 1900; x_wconf 88' lang='lat' dir='ltr'>per</span> <span class='ocrx_word' id='word_1_82' title='bbox 471 1830 533 1883; x_wconf 80' lang='lat' dir='ltr'>rim</span> <span class='ocrx_word' id='word_1_83' title='bbox 553 1829 640 1883; x_wconf 86' lang='lat' dir='ltr'>modo</span> <span class='ocrx_word' id='word_1_84' title='bbox 658 1847 719 1883; x_wconf 92' lang='lat' dir='ltr'>non</span> <span class='ocrx_word' id='word_1_85' title='bbox 737 1829 796 1883; x_wconf 91' lang='lat' dir='ltr'>sibi</span> <span class='ocrx_word' id='word_1_86' title='bbox 811 1831 881 1901; x_wconf 87' lang='lat' dir='ltr'>jura</span> <span class='ocrx_word' id='word_1_87' title='bbox 899 1840 1064 1902; x_wconf 81' lang='lat' dir='ltr'>negentur,</span> 
     </span>
     <span class='ocr_line' id='line_1_17' title="bbox 195 1914 790 1985; baseline 0 -16"><span class='ocrx_word' id='word_1_88' title='bbox 195 1915 324 1985; x_wconf 83' lang='lat' dir='ltr'>chiciet</span> <span class='ocrx_word' id='word_1_89' title='bbox 341 1933 452 1985; x_wconf 82' lang='lat' dir='ltr'>supera</span> <span class='ocrx_word' id='word_1_90' title='bbox 470 1915 539 1968; x_wconf 88' lang='lat' dir='ltr'>sede</span> <span class='ocrx_word' id='word_1_91' title='bbox 559 1915 661 1984; x_wconf 88' lang='lat' dir='ltr'>puella</span> <span class='ocrx_word' id='word_1_92' title='bbox 679 1914 790 1969; x_wconf 79' lang='lat' dir='ltr'>Iovem.</span> 
     </span>
    </p>
   </div>
   <div class='ocr_carea' id='block_1_6' title="bbox 478 2123 779 2295">
    <p class='ocr_par' dir='ltr' id='par_1_10' title="bbox 478 2123 779 2295">
     <span class='ocr_line' id='line_1_18' title="bbox 605 2123 650 2172; baseline 0 0"><span class='ocrx_word' id='word_1_93' title='bbox 605 2123 650 2172; x_wconf 91' lang='lat'>11.</span> 
     </span>
     <span class='ocr_line' id='line_1_19' title="bbox 478 2228 779 2295; baseline -0.003 0"><span class='ocrx_word' id='word_1_94' title='bbox 478 2228 779 2295; x_wconf 82' lang='lat' dir='ltr'><strong>EPITAPHIUM</strong></span> 
     </span>
    </p>
   </div>
   <div class='ocr_carea' id='block_1_7' title="bbox 253 2331 998 2496">
    <p class='ocr_par' dir='ltr' id='par_1_11' title="bbox 253 2331 998 2496">
     <span class='ocr_line' id='line_1_20' title="bbox 253 2331 998 2375; baseline 0.003 -3"><span class='ocrx_word' id='word_1_95' title='bbox 253 2333 425 2374; x_wconf 77' lang='lat' dir='ltr'><strong>BAPTISTAE</strong></span> <span class='ocrx_word' id='word_1_96' title='bbox 437 2331 657 2375; x_wconf 60' lang='lat' dir='ltr'>vincerentur:</span> <span class='ocrx_word' id='word_1_97' title='bbox 670 2332 797 2373; x_wconf 82' lang='lat' dir='ltr'>SORORIS</span> <span class='ocrx_word' id='word_1_98' title='bbox 815 2332 998 2374; x_wconf 70' lang='lat' dir='ltr'>flomnc&#39;rnn</span> 
     </span>
     <span class='ocr_line' id='line_1_21' title="bbox 466 2441 795 2496; baseline -0.006 -10"><span class='ocrx_word' id='word_1_99' title='bbox 466 2441 683 2496; x_wconf 66' lang='lat' dir='ltr'>(Emaphroditi</span> <span class='ocrx_word' id='word_1_100' title='bbox 696 2441 752 2486; x_wconf 83' lang='lat' dir='ltr'>Lib.</span> <span class='ocrx_word' id='word_1_101' title='bbox 766 2442 795 2491; x_wconf 84' lang='lat'>1.)</span> 
     </span>
    </p>
   </div>
   <div class='ocr_carea' id='block_1_8' title="bbox 220 2575 1093 3650">
    <p class='ocr_par' dir='ltr' id='par_1_12' title="bbox 224 2575 945 2756">
     <span class='ocr_line' id='line_1_22' title="bbox 224 2575 945 2666; baseline -0.004 -16"><span class='ocrx_word' id='word_1_102' title='bbox 224 2595 283 2650; x_wconf 92' lang='lat' dir='ltr'>Hic</span> <span class='ocrx_word' id='word_1_103' title='bbox 303 2594 440 2650; x_wconf 88' lang='lat' dir='ltr'>tumulus</span> <span class='ocrx_word' id='word_1_104' title='bbox 458 2594 548 2666; x_wconf 87' lang='lat' dir='ltr'>longe</span> <span class='ocrx_word' id='word_1_105' title='bbox 569 2593 688 2649; x_wconf 89' lang='lat' dir='ltr'>tumulo</span> <span class='ocrx_word' id='word_1_106' title='bbox 706 2592 845 2648; x_wconf 83' lang='lat' dir='ltr'>faelicior</span> <span class='ocrx_word' id='word_1_107' title='bbox 860 2575 945 2647; x_wconf 83' lang='lat' dir='ltr'>omni</span> 
     </span>
     <span class='ocr_line' id='line_1_23' title="bbox 259 2683 944 2756; baseline -0.003 -16"><span class='ocrx_word' id='word_1_108' title='bbox 259 2686 415 2756; x_wconf 76' lang='lat' dir='ltr'>Baptistae</span> <span class='ocrx_word' id='word_1_109' title='bbox 433 2685 606 2740; x_wconf 84' lang='lat' dir='ltr'>auricomae</span> <span class='ocrx_word' id='word_1_110' title='bbox 626 2683 754 2755; x_wconf 86' lang='lat' dir='ltr'>virginis</span> <span class='ocrx_word' id='word_1_111' title='bbox 773 2701 841 2737; x_wconf 87' lang='lat' dir='ltr'>ossa</span> <span class='ocrx_word' id='word_1_112' title='bbox 858 2683 944 2754; x_wconf 81' lang='lat' dir='ltr'>tegit</span> 
     </span>
    </p>

    <p class='ocr_par' dir='ltr' id='par_1_13' title="bbox 223 2774 999 2934">
     <span class='ocr_line' id='line_1_24' title="bbox 223 2774 999 2846; baseline -0.005 -14"><span class='ocrx_word' id='word_1_113' title='bbox 223 2777 363 2832; x_wconf 88' lang='lat' dir='ltr'>Dulciter</span> <span class='ocrx_word' id='word_1_114' title='bbox 380 2777 456 2831; x_wconf 83' lang='lat' dir='ltr'>haec</span> <span class='ocrx_word' id='word_1_115' title='bbox 474 2774 548 2845; x_wconf 86' lang='lat' dir='ltr'>agili</span> <span class='ocrx_word' id='word_1_116' title='bbox 565 2774 706 2844; x_wconf 81' lang='lat' dir='ltr'>pulsabat-</span> <span class='ocrx_word' id='word_1_117' title='bbox 725 2775 864 2846; x_wconf 86' lang='lat' dir='ltr'>cymbala</span> <span class='ocrx_word' id='word_1_118' title='bbox 882 2775 999 2830; x_wconf 83' lang='lat' dir='ltr'>dextra.</span> 
     </span>
     <span class='ocr_line' id='line_1_25' title="bbox 258 2862 910 2934; baseline -0.005 -12"><span class='ocrx_word' id='word_1_119' title='bbox 258 2868 355 2923; x_wconf 80' lang='lat' dir='ltr'>Movit</span> <span class='ocrx_word' id='word_1_120' title='bbox 375 2882 406 2922; x_wconf 85' lang='lat' dir='ltr'>ec</span> <span class='ocrx_word' id='word_1_121' title='bbox 425 2865 557 2920; x_wconf 86' lang='lat' dir='ltr'>artifices</span> <span class='ocrx_word' id='word_1_122' title='bbox 576 2862 705 2919; x_wconf 85' lang='lat' dir='ltr'>saltibus</span> <span class='ocrx_word' id='word_1_123' title='bbox 724 2863 789 2933; x_wconf 86' lang='lat' dir='ltr'>ipsa</span> <span class='ocrx_word' id='word_1_124' title='bbox 808 2865 910 2934; x_wconf 80' lang='lat' dir='ltr'>pedes</span> 
     </span>
    </p>

    <p class='ocr_par' dir='ltr' id='par_1_14' title="bbox 221 2953 1093 3117">
     <span class='ocr_line' id='line_1_26' title="bbox 221 2953 1093 3025; baseline 0.002 -12"><span class='ocrx_word' id='word_1_125' title='bbox 221 2957 366 3014; x_wconf 84' lang='lat' dir='ltr'>Omnibus</span> <span class='ocrx_word' id='word_1_126' title='bbox 385 2962 417 3010; x_wconf 88' lang='lat' dir='ltr'>et</span> <span class='ocrx_word' id='word_1_127' title='bbox 436 2961 537 3019; x_wconf 88' lang='lat' dir='ltr'>cantu,</span> <span class='ocrx_word' id='word_1_128' title='bbox 556 2953 715 3024; x_wconf 83' lang='lat' dir='ltr'>plusquam</span> <span class='ocrx_word' id='word_1_129' title='bbox 734 2953 920 3007; x_wconf 89' lang='lat' dir='ltr'>Philomena.</span> <span class='ocrx_word' id='word_1_130' title='bbox 940 2955 1093 3025; x_wconf 75' lang='lat' dir='ltr'>placebat,</span> 
     </span>
     <span class='ocr_line' id='line_1_27' title="bbox 256 3041 934 3117; baseline -0.007 -15"><span class='ocrx_word' id='word_1_131' title='bbox 256 3047 353 3102; x_wconf 79' lang='lat' dir='ltr'>Matre</span> <span class='ocrx_word' id='word_1_132' title='bbox 374 3044 496 3117; x_wconf 84' lang='lat' dir='ltr'>quidem</span> <span class='ocrx_word' id='word_1_133' title='bbox 514 3043 621 3113; x_wconf 90' lang='lat' dir='ltr'>pulcra</span> <span class='ocrx_word' id='word_1_134' title='bbox 639 3041 774 3111; x_wconf 85' lang='lat' dir='ltr'>pulcrior</span> <span class='ocrx_word' id='word_1_135' title='bbox 792 3041 846 3096; x_wconf 84' lang='lat' dir='ltr'>illa</span> <span class='ocrx_word' id='word_1_136' title='bbox 864 3042 934 3097; x_wconf 88' lang='lat' dir='ltr'>fuit.</span> 
     </span>
    </p>

    <p class='ocr_par' dir='ltr' id='par_1_15' title="bbox 220 3131 1017 3296">
     <span class='ocr_line' id='line_1_28' title="bbox 220 3131 1017 3206; baseline -0.004 -15"><span class='ocrx_word' id='word_1_137' title='bbox 220 3136 338 3191; x_wconf 84' lang='lat' dir='ltr'>Indolis</span> <span class='ocrx_word' id='word_1_138' title='bbox 358 3134 505 3206; x_wconf 82' lang='lat' dir='ltr'>egregiae,</span> <span class='ocrx_word' id='word_1_139' title='bbox 526 3131 663 3185; x_wconf 88' lang='lat' dir='ltr'>minimo</span> <span class='ocrx_word' id='word_1_140' title='bbox 682 3149 736 3201; x_wconf 93' lang='lat' dir='ltr'>pro</span> <span class='ocrx_word' id='word_1_141' title='bbox 756 3149 857 3185; x_wconf 90' lang='lat' dir='ltr'>errore</span> <span class='ocrx_word' id='word_1_142' title='bbox 879 3134 1017 3203; x_wconf 84' lang='lat' dir='ltr'>rubebat,</span> 
     </span>
     <span class='ocr_line' id='line_1_29' title="bbox 255 3221 998 3296; baseline -0.007 -15"><span class='ocrx_word' id='word_1_143' title='bbox 255 3229 362 3296; x_wconf 89' lang='lat' dir='ltr'>Sparsa</span> <span class='ocrx_word' id='word_1_144' title='bbox 380 3227 490 3280; x_wconf 86' lang='lat' dir='ltr'>rubore</span> <span class='ocrx_word' id='word_1_145' title='bbox 510 3224 641 3293; x_wconf 77' lang='lat' dir='ltr'>placem,</span> <span class='ocrx_word' id='word_1_146' title='bbox 660 3221 729 3276; x_wconf 83' lang='lat' dir='ltr'>fusa</span> <span class='ocrx_word' id='word_1_147' title='bbox 748 3223 856 3276; x_wconf 89' lang='lat' dir='ltr'>rubore</span> <span class='ocrx_word' id='word_1_148' title='bbox 878 3222 998 3289; x_wconf 86' lang='lat' dir='ltr'>decens,</span> 
     </span>
    </p>

    <p class='ocr_par' dir='ltr' id='par_1_16' title="bbox 220 3313 999 3460">
     <span class='ocr_line' id='line_1_30' title="bbox 220 3313 999 3382; baseline -0.006 -11"><span class='ocrx_word' id='word_1_149' title='bbox 220 3318 322 3382; x_wconf 84' lang='lat' dir='ltr'>Quum</span> <span class='ocrx_word' id='word_1_150' title='bbox 340 3314 417 3370; x_wconf 79' lang='lat' dir='ltr'>satis</span> <span class='ocrx_word' id='word_1_151' title='bbox 435 3315 510 3367; x_wconf 87' lang='lat' dir='ltr'>haec</span> <span class='ocrx_word' id='word_1_152' title='bbox 531 3313 603 3366; x_wconf 88' lang='lat' dir='ltr'>fecit</span> <span class='ocrx_word' id='word_1_153' title='bbox 622 3318 750 3365; x_wconf 87' lang='lat' dir='ltr'>naturae</span> <span class='ocrx_word' id='word_1_154' title='bbox 771 3313 841 3365; x_wconf 88' lang='lat' dir='ltr'>luce</span> <span class='ocrx_word' id='word_1_155' title='bbox 859 3329 999 3382; x_wconf 86' lang='lat' dir='ltr'>suprema</span> 
     </span>
     <span class='ocr_line' id='line_1_31' title="bbox 255 3398 896 3460; baseline -0.005 -3"><span class='ocrx_word' id='word_1_156' title='bbox 255 3404 433 3460; x_wconf 82' lang='lat' dir='ltr'>Transierat</span> <span class='ocrx_word' id='word_1_157' title='bbox 451 3402 531 3457; x_wconf 88' lang='lat' dir='ltr'>vitae</span> <span class='ocrx_word' id='word_1_158' title='bbox 552 3401 603 3454; x_wconf 85' lang='lat' dir='ltr'>vix</span> <span class='ocrx_word' id='word_1_159' title='bbox 621 3399 681 3452; x_wconf 89' lang='lat' dir='ltr'>duo</span> <span class='ocrx_word' id='word_1_160' title='bbox 701 3398 798 3454; x_wconf 83' lang='lat' dir='ltr'>lustra</span> <span class='ocrx_word' id='word_1_161' title='bbox 816 3417 896 3454; x_wconf 87' lang='lat' dir='ltr'>suae.</span> 
     </span>
    </p>

    <p class='ocr_par' dir='ltr' id='par_1_17' title="bbox 220 3487 997 3650">
     <span class='ocr_line' id='line_1_32' title="bbox 220 3487 997 3565; baseline 0 -17"><span class='ocrx_word' id='word_1_162' title='bbox 220 3495 268 3549; x_wconf 87' lang='lat' dir='ltr'>Sic</span> <span class='ocrx_word' id='word_1_163' title='bbox 287 3492 340 3565; x_wconf 89' lang='lat' dir='ltr'>qui</span> <span class='ocrx_word' id='word_1_164' title='bbox 359 3493 438 3547; x_wconf 88' lang='lat' dir='ltr'>forte</span> <span class='ocrx_word' id='word_1_165' title='bbox 459 3509 562 3545; x_wconf 88' lang='lat' dir='ltr'>manes</span> <span class='ocrx_word' id='word_1_166' title='bbox 583 3490 676 3545; x_wconf 90' lang='lat' dir='ltr'>semel</span> <span class='ocrx_word' id='word_1_167' title='bbox 695 3487 897 3555; x_wconf 87' lang='lat' dir='ltr'>inclinaverit,</span> <span class='ocrx_word' id='word_1_168' title='bbox 918 3492 997 3547; x_wconf 88' lang='lat' dir='ltr'>idem</span> 
     </span>
     <span class='ocr_line' id='line_1_33' title="bbox 254 3578 964 3650; baseline -0.001 -12"><span class='ocrx_word' id='word_1_169' title='bbox 254 3582 344 3638; x_wconf 88' lang='lat' dir='ltr'>Haud</span> <span class='ocrx_word' id='word_1_170' title='bbox 363 3581 483 3637; x_wconf 87' lang='lat' dir='ltr'>facinus</span> <span class='ocrx_word' id='word_1_171' title='bbox 502 3588 643 3650; x_wconf 89' lang='lat' dir='ltr'>coeptum</span> <span class='ocrx_word' id='word_1_172' title='bbox 661 3578 837 3634; x_wconf 87' lang='lat' dir='ltr'>destituisse</span> <span class='ocrx_word' id='word_1_173' title='bbox 856 3587 964 3648; x_wconf 88' lang='lat' dir='ltr'>potest.</span> 
     </span>
    </p>
   </div>
   <div class='ocr_carea' id='block_1_9' title="bbox 0 0 1254 4012">
    <p class='ocr_par' dir='ltr' id='par_1_18' title="bbox 0 0 1254 4012">
     <span class='ocr_line' id='line_1_34' title="bbox 0 0 1254 4012; baseline 0 6"><span class='ocrx_word' id='word_1_174' title='bbox 0 0 1254 4012; x_wconf 95' lang='lat' dir='ltr'> </span> 
     </span>
    </p>
   </div>
  </div>
 </body>
</html>
