2498 4012
132 242 186 302 140

179 346 297 408 Gaudia
315 348 406 421 plena
424 345 516 404 satis!
536 361 703 418 numquam
722 365 830 405 secura
848 350 1011 424 voluptas!

181 443 244 498 Aut
263 439 378 512 aliquid
398 439 519 494 cumulo
539 456 657 509 semper
675 439 770 508 deest,
789 447 844 496 ant
863 450 991 500 revocat
1012 465 1049 503 se

179 531 249 586 Sors
268 530 360 585 infida
378 535 512 600 repente,
534 527 699 599 oculosque
719 529 833 585 avertit
851 530 975 588 amicos.

179 620 318 675 Fallaces
336 618 492 673 hominum
510 619 592 688 spes!
612 617 671 673 heu
689 625 794 674 nostra
812 619 899 676 irrite
917 627 1011 682 vota!

178 709 229 764 Nil
247 709 367 764 firmum
385 708 467 774 satis,
487 714 541 763 aut
559 707 663 762 stabili
681 708 847 765 munimine
868 717 980 770 tutum.

179 796 286 853 Omnia
304 797 336 851 in
354 795 495 852 humanis
514 796 603 850 rebus
623 795 732 866 dubia;
753 796 853 851 omnia
872 804 997 854 nutant.

180 888 242 942 Vos
262 886 344 953 mihi,
363 887 446 941 laeta
464 886 567 940 forent
585 903 680 957 quum
699 894 831 955 caetera,
851 887 917 942 fata
935 890 1095 964 tulerunt,

136 986 140 994 “
178 975 273 1043 Queis
291 975 356 1030 sine
377 975 466 1031 dulce
487 973 561 1028 mihi
579 973 656 1028 nihil
671 982 717 1030 est
732 993 788 1030 nec
802 977 931 1032 amabile
945 979 1128 1054 quicquam.

178 1064 317 1136 Accipite
337 1065 392 1120 has
411 1065 521 1119 saltem
539 1063 689 1130 lacrimas,
708 1065 784 1120 haec
804 1065 940 1121 carmina
959 1078 1095 1141 moesta,

181 1155 265 1220 Quae
285 1153 412 1223 longum
432 1153 496 1207 nati
516 1151 650 1218 absentis
669 1159 824 1208 testentur
844 1172 989 1212 amorem.

178 1245 300 1299 Salvete
322 1249 489 1307 aeternum,
510 1241 581 1308 cari,
601 1248 693 1313 atque
713 1243 826 1314 valete,
846 1250 1001 1314 parentes

177 1333 254 1387 Vida
273 1331 419 1396 Gelelme,
442 1331 517 1399 vale,
537 1332 605 1386 vale
619 1331 762 1386 Oscasala
781 1333 894 1387 Leone.

177 1421 222 1475 Sit
240 1438 348 1491 precor
369 1439 385 1474 o
405 1421 492 1476 vobis
512 1420 632 1489 requies
651 1427 777 1474 aeterna
795 1421 934 1494 sepultis,

178 1510 224 1564 Sit
242 1511 304 1576 lux,
324 1528 401 1581 quae
421 1509 532 1564 vestris
552 1515 712 1565 aeternnm
730 1509 876 1580 affulgeat
894 1515 1024 1573 umbris,

579 1805 640 1856 111.

543 1948 679 2015 PAOI

491 2083 654 2136 (Garminum
669 2082 736 2135 Lib.)

210 2247 273 2300 Pax
291 2245 379 2312 alma,
400 2246 489 2301 dulce
509 2245 622 2314 ubique
641 2262 754 2300 nomen
773 2243 926 2314 gentibus,

243 2338 329 2392 Inter
347 2340 428 2393 Deos
448 2336 655 2408 pulcherrima

209 2427 444 2493 Pulcherrimos,
465 2445 556 2498 quam
575 2444 623 2480 me
644 2426 690 2481 tui
712 2425 882 2498 expectatio

244 2517 379 2588 Torquet
397 2517 546 2572 morantis
566 2517 604 2571 ah
623 2516 728 2571 nimis!

207 2605 354 2673 Tuumne,
375 2606 460 2673 Diva,
480 2605 569 2661 vivus
589 2606 756 2661 adventum
775 2604 914 2676 amplius

243 2695 375 2765 Tempus
393 2694 542 2750 videbene
562 2695 709 2750 aureum?

207 2785 390 2853 Unquamne
409 2783 476 2850 erit,
498 2783 644 2839 mundum
662 2784 710 2840 his
729 2783 864 2857 tenebitis
884 2783 1024 2843 obsitum

244 2874 308 2929 Tuo
328 2880 363 2928 ut
382 2892 506 2929 serenes
525 2873 665 2928 lumine?

207 2963 332 3028 Quando
352 2969 549 3032 expetentem
568 2980 625 3028 me,
645 2965 718 3029 Dea,
738 2980 790 3032 spe
810 2961 839 3015 id
859 2960 950 3017 irrita

243 3054 340 3107 Tanto
360 3051 463 3107 beabis
482 3051 631 3107 munere?

206 3144 329 3207 Vereor,
348 3140 500 3196 laboriosa
519 3158 555 3194 ne
575 3140 665 3211 longe
685 3139 769 3211 prius

245 3230 356 3286 Vincat
376 3237 520 3285 senectus
539 3231 725 3300 languidum,

208 3321 306 3384 Quam
325 3338 430 3374 rursus
450 3323 542 3376 urbes
561 3321 673 3376 divites
695 3320 841 3376 conviviis

243 3408 396 3479 Ludisque
418 3409 602 3476 distinericr‚

207 3497 306 3562 Quam
326 3515 396 3551 rura
414 3498 533 3553 videam
553 3500 694 3554 cantibus
712 3496 888 3553 laetissimis

248 3586 339 3642 Omni
358 3604 465 3642 sonare
486 3589 523 3642 ab
542 3589 662 3659 angulo,
