2498 4012
127 257 163 313 46

144 363 279 427 Dixerat,
300 366 333 415 et
350 359 464 432 pariter
481 378 678 434 gressumque
697 359 810 416 avertit
828 365 860 415 et
878 376 946 414 ora:

178 452 245 505 Non
265 451 370 505 oculos
387 456 508 521 poterat
523 450 587 520 jam
604 447 736 504 tolerare
756 454 866 503 trucee.

144 539 295 596 Continuo
314 539 452 594 ardentes
472 539 604 595 stimulis
623 537 699 593 citat
717 537 773 593 illa
790 537 906 606 leonae,

178 628 303 700 Saepius
322 634 354 683 et
371 627 463 683 ducto
482 633 585 685 versat
603 627 635 682 in
655 628 725 683 orbe
745 624 852 682 facem

143 719 266 773 Interea
283 718 461 773 humentem
480 717 580 773 noctis
598 716 752 774 variantia
769 715 883 789 pallam

179 808 333 878 Hesperus
351 805 382 860 in
401 807 495 862 rutilo
515 812 668 877 sparserat
686 811 770 861 astra
781 804 863 878 polo.

144 896 269 952 Albiera
287 896 319 951 in
337 896 451 968 patrios
466 897 530 968 jam
553 895 680 951 candida
693 896 829 951 membra
846 899 976 965 penates

178 985 338 1051 Intulerat,
358 985 445 1040 molli
463 983 708 1056 constiteratque
727 990 810 1040 toro:

142 1077 213 1132 Jam
232 1082 339 1131 tenero
357 1074 510 1146 placidum
529 1073 664 1146 spirabat
682 1081 808 1146 pectore
827 1092 978 1142 somnum,

180 1165 274 1222 Venit
292 1165 329 1219 ad
349 1165 504 1220 obstrusos
524 1181 594 1219 cum
614 1166 679 1219 Dea
698 1181 790 1219 saeva
808 1164 898 1220 lares

143 1257 210 1322 Quo
229 1255 293 1319 dea,
313 1272 374 1323 quo
392 1252 514 1309 tendis?
528 1269 588 1306 non
609 1259 641 1307 te
661 1252 890 1326 lachrymabilis
908 1258 993 1320 aetas,

176 1346 244 1400 Non
263 1351 293 1399 te
313 1343 411 1397 forma
431 1350 540 1409 movet,
562 1361 623 1398 non
642 1343 746 1413 pudor,
766 1348 821 1399 aut
839 1342 1000 1414 probitas?

143 1436 210 1489 Non
229 1451 267 1488 ne
286 1438 412 1488 movent
430 1433 663 1505 lachrymaeque
684 1432 744 1488 viri
755 1431 992 1506 lachrymaeque
1012 1448 1108 1504 paren-

177 1522 337 1578 Mortalem
356 1527 443 1593 potes
461 1522 500 1575 ah
518 1522 653 1592 perdere,
672 1539 761 1586 saeva,
780 1522 890 1577 deam?
993 1521 1085 1596 [tuml

143 1612 263 1668 LImina
283 1610 469 1681 contigerat;
489 1617 681 1666 tremuerunt
698 1610 812 1677 limina,
832 1610 933 1683 pallor

177 1698 288 1754 Infecit
306 1705 418 1769 postes,
438 1705 470 1753 et
489 1705 615 1770 patuere
633 1699 721 1754 fores.

145 1788 325 1859 Virgineum
343 1787 421 1859 petit
439 1786 493 1843 illa
511 1794 621 1854 torum,
642 1786 828 1859 pavidaeque
845 1788 967 1859 puellae

177 1869 305 1932 Pectore
326 1876 363 1931 ab
382 1877 522 1931 obscoeno
539 1876 614 1932 talia
632 1875 714 1933 diota
731 1875 840 1933 refert:

146 1968 231 2034 Quae
250 1965 399 2037 placidam
419 1965 516 2038 carpis
534 1983 642 2022 secura
660 1972 763 2022 mente
775 1965 919 2039 quietem,

177 2058 218 2110 Et
235 2054 292 2109 fati
310 2060 344 2109 et
361 2054 452 2110 sortis
471 2054 573 2111 nescia
590 2055 676 2125 virgo
695 2061 776 2122 tuae,

141 2145 281 2199 Nondum
300 2161 390 2199 saeva
410 2161 494 2198 meae
515 2143 639 2199 sensisti
657 2145 788 2200 vulnera
806 2145 943 2211 dextrae,

176 2232 259 2298 Quae
278 2232 335 2286 tibi
354 2249 409 2304 ego
429 2238 461 2287 et
480 2250 599 2287 mecum
618 2250 694 2304 quac
709 2233 766 2288 tibi
783 2233 848 2288 fata
864 2239 982 2305 parant.

142 2323 209 2376 Stat
226 2339 322 2377 vacua
341 2328 395 2376 tua
412 2322 509 2376 Paroa
528 2322 604 2388 colo,
625 2321 775 2376 moritura
793 2322 913 2393 puella;

176 2414 219 2467 Ne
238 2429 334 2483 geme,
353 2429 423 2466 cum
440 2411 530 2466 dulce
551 2418 598 2467 est
610 2411 724 2478 virere,
747 2411 837 2467 dulce
857 2411 936 2467 mori
955 2417 1013 2468 est.

142 2501 191 2555 Sic
210 2501 269 2569 ait;
288 2499 523 2572 aestiferamque
543 2500 679 2555 excussit
697 2500 843 2571 lampada,
863 2506 895 2556 et
914 2518 1001 2557 acres

177 2587 310 2660 Virginis
329 2587 437 2659 injecit
456 2588 532 2644 dura
552 2589 607 2644 sub
627 2606 695 2644 ossa
713 2587 806 2643 faces.

141 2678 219 2733 Tum
237 2678 331 2732 letale
350 2678 422 2749 gelu
441 2677 606 2748 invergens
624 2683 789 2750 guttasque
808 2677 927 2745 veneni,

175 2770 296 2824 Inserta
313 2768 374 2822 heu
393 2767 487 2833 venis,
509 2765 617 2838 effugit
636 2767 715 2831 inde,
735 2785 822 2823 nece.

141 2859 265 2916 Excitat
284 2858 338 2914 illa
356 2857 441 2928 gravi
459 2856 596 2927 geminos
616 2858 747 2912 clamore
766 2863 917 2927 parentes,

176 2950 315 3005 Advooat
333 2948 490 3003 absentem
508 2945 617 3001 nuntia
635 2945 716 3000 fama
733 2944 842 3000 virum.

141 3039 266 3094 Vicinae
287 3037 440 3108 extemplo
459 3044 571 3091 matres
590 3034 786 3106 trepidaeque
806 3033 927 3105 puellae

176 3128 377 3191 Conveniunt,
399 3133 520 3180 teneras
539 3123 634 3178 imbre
654 3123 771 3194 rigante
792 3137 896 3193 genas.

140 3217 159 3271 J
162 3235 211 3271 am
228 3216 293 3270 fera
312 3216 466 3287 virgineas
485 3213 648 3285 populatur
666 3212 788 3266 flamma
806 3211 965 3277 medullas,

175 3307 196 3359 J
198 3322 247 3358 am
265 3303 366 3375 gelida
384 3309 508 3374 torpent
526 3301 648 3357 horrida
662 3302 795 3356 membra
814 3299 894 3355 nive.

139 3393 282 3463 Liquitur
301 3391 423 3460 infelix3
443 3410 504 3446 non
523 3410 571 3446 ars
594 3408 719 3461 operosa
737 3390 921 3457 medentum,

175 3482 242 3536 Non
262 3481 344 3534 facta
363 3500 381 3534 a
399 3480 508 3535 misero
529 3481 657 3552 conjuge
678 3486 750 3534 vota
765 3478 884 3549 juvant.
