2572 4020
153 274 207 331 148

205 381 247 436 Et
265 377 434 451 pellucenti
451 375 630 449 splendebat
648 375 767 432 rivulus
786 377 868 433 unda

239 469 352 526 Invitis
371 467 424 541 qui
442 485 526 523 nunc
545 485 600 538 per
616 465 691 538 juga
709 467 805 537 serpit
824 465 920 536 aquis.

205 559 289 625 Quod
308 559 335 614 ei
353 558 471 614 aditum
490 557 599 613 tulerit
617 557 709 613 solita
727 558 850 614 lusurus
869 557 901 612 in
919 559 1032 614 umbra

239 649 302 704 Nec
321 647 428 719 procul
447 647 591 718 amplexu
611 664 642 702 se
664 649 755 703 cubet
774 647 827 703 ille
848 666 924 715 mec,

205 739 366 809 Exurgent
385 737 477 808 pictis
496 737 684 809 gemmantia
701 738 837 808 gramina
854 735 971 805 fundis,

241 827 375 897 Moxque
395 825 471 881 fluet
490 824 596 881 nitidis
615 826 735 883 rivulus
755 832 866 882 auctus
883 826 982 899 aquis.

208 914 296 970 'Pelia
314 932 405 986 saepe
424 933 537 970 canens
556 932 673 970 summo
692 916 728 970 de
749 915 827 971 colle
846 915 975 988 Lycoris

247 1003 386 1059 Immites
404 1003 514 1059 blando
534 1004 652 1060 detinet
671 1022 723 1060 ore
741 1003 830 1060 feras.

619 1258 665 1308 11.

569 1401 710 1468 MUSIS

516 1528 680 1583 (carminum
696 1530 765 1583 Lib.)

203 1690 316 1755 Musae,
337 1706 413 1760 quae
433 1687 547 1743 virides
566 1689 672 1753 saltus,
692 1705 830 1760 quaeque
851 1687 955 1743 abdita
974 1688 1070 1745 Pindi

239 1780 381 1834 Humano
401 1777 503 1832 colitis
522 1794 584 1831 non
603 1776 743 1832 adeunda
760 1777 844 1848 pede,

208 1869 254 1924 Ne
274 1887 336 1935 vos,
357 1886 395 1922 ne
414 1868 518 1939 pigeat
537 1867 638 1923 densis
656 1867 811 1923 discedere
831 1867 867 1922 ab
887 1867 1006 1925 umbris

245 1958 402 2028 Antraque
423 1973 565 2011 muscoso
584 1955 723 2027 linquere
742 1956 826 2027 picta
844 1956 923 2012 solo:

209 2040 348 2098 Lethifer
367 2041 478 2097 immiti
498 2041 636 2111 quamvis
654 2059 736 2097 nunc
755 2041 852 2097 sidere
873 2041 986 2113 passim

230 2133 325 2210 ¹Usta
342 2138 460 2202 premat
478 2131 569 2201 longa
588 2129 684 2186 Sirius
703 2148 776 2185 arva
795 2131 860 2201 siti3

208 2219 307 2275 Molsa
326 2236 411 2274 meus
430 2226 549 2274 vestros
568 2218 665 2273 coluit
683 2219 737 2291 qui
754 2237 874 2290 semper
892 2220 1033 2287 honores

241 2308 359 2379 Cuique
379 2307 462 2363 dedit
480 2326 582 2363 sacros
601 2308 743 2363 Phoebus
762 2307 839 2362 inire
861 2308 976 2376 choros,

205 2399 226 2453 J
228 2397 391 2452 amdudum
409 2397 539 2468 graciles
557 2399 662 2453 morbo
682 2404 826 2453 tenuatus
845 2399 876 2452 in
895 2404 989 2464 artua,

243 2488 420 2542 Extremam
440 2487 472 2541 in
490 2486 598 2541 mortis
617 2487 724 2542 limine
743 2489 842 2558 poscit
861 2505 958 2558 opem,

206 2577 287 2646 Ergo
306 2576 414 2630 herbas
433 2593 599 2647 succosque
619 2576 710 2632 simul
731 2583 889 2647 properate
909 2576 1061 2648 salubres,

243 2667 284 2720 Et
303 2665 438 2720 medicae
458 2664 603 2737 quicquid
624 2665 775 2738 Cynthius
795 2667 869 2722 artis
887 2667 988 2721 habet.

207 2755 276 2809 Non
295 2755 372 2810 levis
392 2754 511 2826 exiguis
530 2755 627 2810 aderit
640 2774 710 2810 nam
729 2756 826 2827 gloria
844 2756 935 2812 factis

242 2848 304 2902 Vos
322 2864 384 2901 unc
404 2845 550 2902 incolumi
570 2845 746 2903 restituisse
761 2846 844 2902 duos

616 3080 677 3130 111.

565 3221 722 3288 SOMNO

523 3345 686 3398 (Uerminam
701 3346 767 3398 Lib.)

208 3508 277 3562 Nox
296 3506 360 3561 ruit
379 3511 410 3562 et
430 3509 553 3564 coelum
571 3504 666 3559 fuscis
685 3503 811 3559 invecta
829 3500 984 3573 quadrigis

244 3596 425 3653 Umbrosam
444 3596 531 3653 melli
548 3595 661 3668 frigore
681 3598 790 3667 opacat
802 3594 937 3663 humum,
