2498 4012
1065 287 1101 342 35

146 399 196 454 Me
216 397 375 453 miserum!
395 412 527 469 quonam
546 393 694 449 Dominae
713 392 824 447 fiducia
844 391 955 447 cessit?

178 487 256 554 Quid
275 486 404 558 queror?
425 490 456 540 et
474 500 553 540 vano
574 489 692 537 terreor
710 481 773 552 ipse
792 481 897 548 metu?

141 577 244 649 Parce,
264 592 378 648 precor,
397 591 464 629 mea
483 573 557 635 Lux,
578 570 603 626 si
622 570 695 642 quid
708 570 787 625 mala
806 570 911 641 lingua
929 572 1033 626 locuta
1052 577 1108 637 est,

178 664 286 722 Omnia
306 677 434 734 magnus
454 678 539 716 amor
557 665 626 714 tuta
645 659 753 714 timere
771 657 868 728 jubet.

146 754 194 810 Sic
213 754 286 809 deus
306 752 358 806 ille
382 750 456 805 mihi
476 748 636 804 stimulum
655 748 711 802 sub
729 754 850 818 pectore
871 747 947 812 fixit,

177 842 319 915 Raraque
339 858 409 895 cum
429 844 512 894 casto
532 837 630 892 forma
648 837 762 908 pudore
782 838 876 893 venit.

143 931 201 987 Sed
220 935 275 985 tua
292 929 468 998 Penelopen
493 932 617 997 superat
637 925 817 992 constantia,
839 926 978 997 quamvis

176 1019 236 1073 Illa
254 1017 294 1073 sit
313 1015 472 1086 Argolicae
491 1014 576 1069 fama
597 1013 772 1084 pudicitiae.

141 1108 196 1163 Ibo
215 1106 318 1179 igitur,
338 1122 396 1160 nec
416 1120 464 1158 me
488 1108 606 1158 certum
625 1101 760 1158 tardabit
778 1104 872 1159 eundi

178 1194 288 1250 Tristis
305 1193 419 1262 hiems,
444 1207 553 1263 segnes
573 1190 702 1262 impiger
721 1191 786 1247 odit
804 1194 906 1248 Amor.

144 1283 234 1339 Illius
252 1288 359 1338 tereas
380 1279 490 1352 pennis
509 1278 696 1334 tranabimus
715 1280 817 1350 Alpes,

178 1374 280 1444 Atque
300 1369 400 1425 aderit
418 1374 541 1424 nostrae
561 1368 622 1422 dux
643 1367 794 1440 Cytherea
813 1369 888 1424 viae.

142 1461 263 1518 Tuscus
283 1466 315 1515 at
333 1459 521 1514 incolumem
539 1464 700 1529 postquam
718 1475 765 1512 me
786 1459 940 1529 acceperit
962 1461 1069 1526 Arnus,

177 1550 218 1606 Et
237 1549 390 1606 dominam
412 1547 535 1603 dabitur
553 1564 642 1618 posse
661 1547 765 1603 videre
784 1566 891 1614 meam,

143 1641 230 1695 Tunc
251 1657 306 1711 ego
325 1638 449 1695 velatus
467 1644 569 1709 myrto
588 1636 739 1693 viridante
759 1637 893 1708 capillos

177 1729 353 1784 Persolvam
373 1727 492 1799 magnis
510 1725 613 1781 debita
631 1733 704 1782 vota
725 1726 805 1782 Deis.

580 1997 643 2049 111.

217 2138 283 2207 AD
306 2138 546 2207 ANNULUM
572 2141 637 2208 AB
661 2143 813 2208 AMIOA
837 2145 1003 2213 DATUM

480 2285 623 2338 (Eroticon,
639 2286 695 2332 Lib.
710 2288 748 2341 ιι.)

139 2442 271 2508 Annulo,
291 2441 380 2497 dulce
400 2441 474 2497 mihi
493 2442 624 2499 dilectae
655 2464 766 2501 munus
785 2447 908 2513 amicae,

176 2529 299 2586 Annulo
318 2529 444 2586 delicias
465 2530 547 2586 inter
564 2532 704 2589 habenda
726 2552 819 2602 meas,

141 2620 189 2674 'Pu
207 2617 283 2674 licet
301 2619 434 2675 excellas
454 2637 528 2675 auro
555 2620 715 2691 pretiosus,
736 2629 767 2677 et
786 2631 855 2693 apte

176 2708 303 2762 Gemma
321 2707 362 2763 sit
380 2708 490 2763 artifici
510 2710 613 2764 clausa
634 2711 825 2781 magisterio,

138 2798 196 2852 Est
214 2795 336 2868 aliquid,
356 2796 432 2851 mihi
451 2815 510 2870 quo
537 2798 678 2854 meruisti
699 2801 816 2870 gratior
834 2820 906 2875 esso,

175 2884 300 2940 Scilicet
320 2884 352 2940 in
370 2885 462 2941 nivea
482 2892 512 2941 te
536 2887 612 2942 tulit
632 2887 685 2943 illa
704 2907 803 2945 manu.

138 2972 199 3029 Illa
217 2973 311 3027 etiam
329 2973 406 3029 dono
427 2991 497 3029 cum
515 2980 546 3029 te
569 2975 645 3030 mihi
663 2978 784 3034 tradere
803 2981 909 3052 vellet,

152 3055 155 3059 ’
177 3063 214 3115 In
232 3060 337 3134 primis
351 3053 476 3131 ¹monuit
498 3081 590 3135 quam
608 3063 666 3119 sibi
686 3082 774 3121 carus
795 3085 871 3123 eras.
1016 3131 1018 3135 η

140 3152 264 3206 Mecum
281 3149 376 3221 igitur
397 3169 517 3223 semper
538 3160 704 3227 noctesque
725 3157 850 3229 diesque
869 3161 1012 3226 manebis,

175 3238 262 3293 Mille
281 3238 336 3294 tibi
356 3240 524 3310 amplexus,
550 3241 656 3296 oscula
676 3244 759 3316 mille
780 3245 886 3302 feram.

138 3327 237 3397 Inque
256 3325 326 3381 sinu
344 3345 467 3398 ponere,
496 3346 588 3384 manu
607 3331 679 3385 dum
698 3339 802 3388 nostra
821 3335 942 3391 lavatur

175 3415 284 3470 Invida
302 3433 341 3470 ne
360 3417 495 3472 nitidum
515 3424 546 3473 te
566 3419 640 3473 mihi
660 3420 760 3476 laedat
785 3441 872 3493 aqua.

138 3503 187 3558 'I'u
207 3503 305 3569 modo,
325 3504 422 3569 laeva,
444 3523 517 3561 cave
540 3507 735 3563 commissum
755 3511 880 3579 perdere
901 3514 1017 3586 pignus,

176 3591 209 3648 Si
227 3610 289 3664 qua
306 3591 363 3648 hoc
380 3594 553 3652 mandantis
576 3596 674 3665 gratia
693 3598 793 3670 tangit
811 3600 886 3659 heri.
