2498 4012
132 285 169 338 32

148 389 190 442 At
208 387 283 443 mihi
301 390 328 445 si
345 391 453 465 legem,
472 393 594 460 Parcae,
615 393 800 466 imposuistis
817 393 949 465 amandi,

183 477 215 531 Si
233 479 345 535 vostris
363 481 439 538 haec
459 491 507 539 est
526 492 609 540 meta
627 485 760 557 petenda
778 485 862 551 rotis,

148 568 261 623 Laetor
278 569 389 626 siderei
408 572 515 629 vultus
533 574 614 644 quod
634 574 764 647 imagine
785 592 899 645 carpat,

183 658 313 722 Qualem
332 678 394 715 non
412 669 497 717 aetas
516 663 629 719 viderit
648 664 712 719 ulla
730 663 824 735 prius.

147 747 215 801 Hoc
234 748 315 804 vires
335 751 452 806 Natura
470 770 540 808 suas
559 750 669 809 effudit
688 753 720 809 in
739 772 809 820 uno,

182 843 223 896 Et
242 842 358 909 mirata,
381 862 471 899 suum
489 845 542 902 vix
562 864 638 917 opus
656 863 723 902 esse
741 850 839 916 putat.

147 930 178 985 Si
197 931 282 986 Paris
300 932 379 988 hanc
398 933 510 991 faciem
528 936 663 1008 Phrygia
681 934 807 992 vidisset
823 932 856 989 in
874 934 938 1001 Ida,

183 1021 241 1075 1116
261 1039 321 1076 11611
341 1022 416 1078 isset
431 1024 533 1094 judice
554 1025 651 1095 prima
669 1026 784 1081 Venus.

146 1109 228 1164 Huic
248 1111 357 1165 merito
376 1113 478 1182 potuit
498 1114 575 1168 Iuno
594 1112 739 1169 invidisse
759 1113 884 1185 figurae,

178 1200 239 1254 Sub
257 1200 331 1256 love
350 1202 376 1256 si
395 1201 500 1271 primis
519 1210 592 1258 nata
610 1202 721 1259 fuisset
741 1201 815 1258 avis.

145 1290 234 1344 Hanc
255 1295 297 1358 tu,
323 1290 350 1345 si
368 1290 476 1362 sapias,
497 1291 600 1361 potius
618 1309 672 1363 pro
690 1290 824 1347 Gnosida
843 1290 944 1347 velles

182 1380 219 1433 In
239 1380 359 1434 coelum
379 1399 479 1447 curru,
499 1383 627 1448 Bacche,
647 1380 754 1437 tulisse
775 1387 838 1436 tuo.

148 1469 259 1524 Cetera
277 1487 346 1524 oum
365 1470 507 1526 dederint
525 1471 631 1542 Superi
651 1470 715 1537 tibi,
734 1470 839 1527 deerat
856 1475 981 1525 amator

182 1557 242 1623 Qui
262 1566 384 1614 caneret
403 1560 497 1627 dotes,
517 1578 586 1616 cara
605 1560 715 1631 puella,
735 1565 814 1615 tuas.

146 1646 214 1715 Ipse
233 1663 289 1717 ego
309 1647 372 1703 tale
391 1647 505 1720 aliquid
524 1649 611 1703 modo
629 1648 656 1704 si
673 1647 852 1720 promittere
871 1662 1011 1719 possum,

182 1735 374 1808 Castalioque
395 1736 471 1793 bibit
489 1738 516 1792 si
536 1756 603 1792 mea
621 1737 706 1792 fonte
724 1735 799 1803 sitis,

146 1820 317 1892 Ingenium,
337 1829 529 1894 mentemque
548 1823 612 1889 tibi,
633 1822 774 1888 formosa,
792 1820 908 1888 dicabo,

180 1913 221 1966 Et
239 1912 352 1967 nostris
371 1914 426 1968 fies
444 1913 555 1968 nobilis
575 1914 639 1984 ipsa
657 1912 749 1970 sonis.

146 2002 209 2056 Vos
228 2000 338 2070 quibus
357 2001 491 2072 adspirat
509 2001 585 2057 flatu
602 2002 728 2058 fortuna
746 2002 889 2069 secundo,

181 2090 243 2143 Nec
263 2089 377 2146 resides
396 2090 498 2147 virtus
516 2091 579 2145 alta
594 2091 695 2161 jacere
707 2090 797 2157 sinit,

145 2182 207 2235 Vos
225 2180 315 2235 decet
334 2187 476 2236 aeternae
494 2181 657 2251 praeconia
678 2198 823 2252 quaerere
843 2179 955 2248 laudis,

179 2268 309 2325 Sublimi
328 2270 450 2341 eloquio
469 2269 654 2341 belligerave
674 2288 776 2326 manu.

143 2359 186 2413 At
204 2357 278 2412 mihi
295 2356 459 2413 formosam
478 2359 553 2414 satis
573 2365 618 2415 est
637 2358 784 2415 cecinisse
802 2357 946 2430 puellam,

179 2450 264 2503 Haec
283 2447 392 2514 studia,
412 2448 466 2503 has
485 2454 576 2517 artes,
596 2448 671 2503 11666
690 2466 746 2519 ego
765 2446 845 2503 bella
857 2463 981 2519 sequar.

143 2537 271 2592 Caerula
289 2544 460 2608 prostratae
481 2537 681 2608 proscindunt
700 2554 833 2609 aequora
851 2535 979 2606 classes,

179 2627 320 2682 Proxima
339 2629 392 2684 sed
410 2628 492 2685 radit
506 2628 618 2695 littora,
640 2647 732 2700 parva
746 2627 837 2697 ratis3

141 2714 189 2770 Sic
208 2733 273 2785 ego,
294 2716 344 2770 cui
363 2722 455 2772 tenue
476 2716 642 2788 ingenium,
663 2716 755 2772 nimis
775 2714 870 2771 ardua
888 2712 1040 2786 linquam,

177 2805 219 2858 Et
237 2804 312 2859 satis
332 2811 386 2871 est,
406 2805 433 2860 si
452 2822 500 2859 me
520 2805 603 2861 611116
622 2806 726 2876 puella
744 2804 859 2876 probet

143 2892 189 2948 Tu
208 2894 304 2958 modo,
323 2893 471 2964 Nympha,
490 2893 567 2949 velis
586 2893 708 2963 paribus
728 2890 910 2948 contendere
931 2889 1067 2947 flammis

178 2983 264 3049 Quae
284 2981 360 3037 facie
382 2987 525 3053 praestat,
546 2981 691 3037 convenit
712 2998 777 3036 esse
798 2979 887 3050 piam.

141 3072 266 3127 Odimus
286 3072 415 3138 Iasiden,
437 3072 583 3144 qnoniam
603 3070 733 3126 crudelis
752 3068 875 3138 amanti,

177 3160 380 3233 Asperiorque
400 3160 463 3216 suis
483 3159 609 3230 rupibus
628 3158 682 3213 illa
700 3159 771 3214 fuit.

142 3247 290 3319 Tyndaris
309 3250 403 3304 Iliaco
423 3250 449 3305 si
467 3249 543 3304 dura
560 3248 670 3304 fuisset
689 3246 812 3318 amanti,

176 3338 243 3392 Non
263 3338 307 3392 ita
325 3339 464 3394 Maeonio
485 3338 619 3393 carmina
637 3344 712 3392 nota
729 3337 817 3392 foret.

142 3425 273 3496 Cynthia
291 3425 373 3480 clara
391 3426 499 3491 minus,
519 3426 715 3498 Nemesisque
735 3423 891 3481 obscurior
908 3432 1008 3495 esset,

179 3511 237 3568 Sed
256 3512 356 3568 facilis
376 3514 521 3581 Nemesis,
542 3514 674 3587 Cynthia
692 3514 777 3569 mitis
795 3518 868 3569 erat.
