2498 4012
322 354 447 425 Vosque
465 370 557 410 aurae
576 352 687 426 liquidi
704 354 846 423 aetheris,

358 445 464 499 Nostri
481 445 623 500 eonseise
642 445 756 500 amoris
774 446 825 500 ed·

358 542 435 603 este,
454 534 526 588 dum
545 551 664 604 queror,
683 541 775 606 etque
796 552 850 589 vos

355 626 502 697 Suprema
520 625 661 697 alloquor
678 623 760 680 hors

320 733 353 789 Si
370 733 415 789 sie
433 732 499 788 fals
516 733 627 788 volunt
645 732 719 799 fers,

354 823 388 878 si
404 821 450 878 sie
467 829 516 878 est
533 822 682 892 placitum
699 821 782 882 Deis,

354 914 400 970 Ut
416 912 505 968 nobis
523 929 609 965 emor
626 911 720 981 impis

355 1002 454 1057 Morte
471 1000 590 1056 lumina
609 1001 727 1066 condat,

319 1107 434 1162 Saltem
452 1106 640 1178 propietate
659 1124 728 1161 mes

354 1198 423 1252 Hoe
443 1195 611 1259 concedite,
631 1194 776 1266 frigidum

354 1287 400 1343 Ut
418 1301 528 1355 eorpus
548 1284 643 1339 liceat
662 1284 736 1338 mihi

353 1374 467 1429 Vestra
483 1389 597 1444 ponere
616 1379 706 1427 terra.

318 1475 367 1531 Sic
386 1475 461 1531 satis
480 1475 592 1529 moriar
609 1474 717 1540 libens,

353 1565 385 1621 Si
402 1581 473 1636 spes
491 1565 567 1619 haee
585 1564 691 1620 venial
710 1563 814 1632 simu13

352 1655 441 1722 Quod
459 1655 544 1710 nullo
564 1654 674 1709 melius
692 1654 761 1709 loco
778 1654 833 1708 hos

250 1798 253 1805 ,
351 1744 485 1816 Linquet
504 1743 630 1814 spiritus
649 1751 742 1798 artus.

316 1843 340 1898 Ο
359 1841 385 1897 si
404 1848 525 1912 tempus
545 1841 604 1896 erit
623 1841 719 1906 modo,

352 1932 428 1987 Cum
447 1937 571 1987 suetum
588 1931 649 1986 hue
669 1931 785 1986 aditum
803 1930 894 1996 ferat,

354 2021 440 2088 Quae
459 2037 516 2075 nos
534 2027 605 2075 ante
626 2020 707 2075 diem
725 2020 828 2091 nigros

351 2109 439 2180 Cogit
457 2108 557 2164 visere
578 2126 691 2173 manes

314 2209 356 2263 El
374 2208 477 2262 locum
496 2208 656 2280 aspiciens,
676 2208 729 2264 ubi

245 2299 249 2306 '
350 2296 409 2351 Illo
428 2314 582 2368 purpureo
601 2297 650 2353 die

274 2432 279 2441 .
350 2387 398 2441 Me
419 2387 504 2458 vidie,
524 2387 669 2442 miserum
688 2387 751 2444 suis

350 2474 486 2530 Multum
505 2483 632 2548 quaeret
651 2477 773 2533 ocellis!

314 2573 374 2627 Seu
389 2574 452 2644 jam
472 2574 581 2646 frigida
599 2576 757 2646 pulverem

349 2661 436 2716 Inter
454 2680 528 2717 saxa
546 2662 661 2729 videns„
681 2663 786 2719 statim

347 2750 475 2807 Pectore
496 2753 602 2809 ardeat
620 2753 729 2809 intimo
748 2760 778 2807 et

348 2842 397 2897 Me
417 2841 460 2897 sie
478 2841 544 2898 fata
562 2850 710 2914 reposcat,

312 2940 357 2996 Ut
375 2939 458 2995 vitae
479 2940 599 2995 veniam
618 2942 768 3014 impetret,

347 3031 388 3084 Et
408 3035 498 3100 cogat
516 3031 644 3101 Superos
663 3049 753 3087 suum

346 3121 383 3175 In
403 3127 518 3187 volum,
537 3121 662 3176 humida
681 3121 806 3176 candido

271 3211 272 3215 ’
348 3209 480 3279 Tergens
499 3208 616 3263 lumina
636 3211 714 3264 velo,

309 3304 428 3361 Puleris
446 3306 581 3379 undique
601 3308 728 3363 ramulis

346 3395 448 3449 Instar
467 3395 572 3450 imbris
591 3396 623 3451 in
643 3415 770 3452 aureum

344 3486 509 3542 Manabenl
527 3487 666 3542 dominae
686 3488 787 3543 sinum

344 3575 452 3632 Flores
470 3594 564 3633 suave
585 3578 737 3634 rubentes,
