2498 4012
983 263 1063 307 xxm

91 379 144 446 de'
160 380 236 447 suoi
259 379 407 448 desideri
429 379 482 447 fia
503 380 638 448 Glioera
660 402 679 446 e
695 381 822 465 Lioori,
838 382 939 451 Lidie
954 408 973 453 e
988 384 1060 453 Fil-

92 494 186 564 lidel
210 520 229 562 e
252 498 287 563 le
307 518 423 565 nuova
447 497 584 564 fiemme
601 496 665 563 ohe
679 498 730 583 gli
745 499 775 565 si
791 496 889 567 desta
903 500 941 567 in
956 524 1058 570 ouore

92 610 135 680 ed
158 611 242 700 ogni
257 612 373 698 lempo
397 610 432 678 di
448 611 547 679 ooohi
562 613 638 679 neri
653 638 672 679 e
688 613 724 680 di
739 614 886 700 ezzurri3
901 639 921 683 o
936 617 966 682 si
988 639 1058 685 soe-

89 729 161 814 glie
178 735 299 795 oontro
314 729 350 795 le
366 731 451 794 bono
464 736 582 815 meter,
599 728 672 811 ohe,
689 730 882 815 impotente
898 755 918 798 e
933 730 1058 818 farpii1

94 846 129 911 la
143 843 335 928 meretrice,
345 842 393 936 ‚fe
409 843 452 912 da
467 844 610 912 ruffiana
625 846 693 912 alle
708 843 827 930 figlie,²
849 845 895 913 he
910 870 959 913 un
974 870 1057 916 vero

89 957 247 1048 prodigio
263 958 300 1026 di
315 961 428 1028 verite
443 984 461 1027 e
477 960 514 1028 di
528 961 681 1044 vivens,
698 960 742 1028 ed
759 963 777 1026 ὸ
793 960 893 1048 privo
905 963 942 1028 in
959 969 1054 1031 tutto

92 1072 128 1141 di
150 1076 266 1162 quella
289 1076 380 1143 lieve
410 1075 536 1143 menda
559 1076 595 1143 di
618 1077 762 1145 durezze
785 1077 876 1145 della
899 1081 1000 1166 quale
1029 1077 1057 1145 il

91 1189 245 1258 Giraldi³
269 1214 288 1257 e
310 1190 373 1277 pio
396 1189 484 1258 tardi
498 1191 525 1256 il
541 1192 684 1260 Panizzi
698 1192 708 1228 ⁴
732 1215 947 1277 eoousarono,
963 1193 1054 1262 forse

92 1330 164 1374 non
179 1329 279 1375 senza
294 1307 444 1396 ragione,
461 1310 494 1374 le
509 1307 571 1395 pio
585 1316 681 1394 perte
696 1308 750 1376 de'
767 1308 843 1376 suoi
866 1309 997 1378 eormi.⁵

157 1423 190 1489 Il
213 1421 387 1490 Flaminio
410 1428 518 1489 trette
540 1423 769 1511 d'ergomenti
792 1424 937 1491 emorosi
959 1425 1057 1510 quasi

90 1539 379 1608 eselusivemente
402 1539 462 1605 nei
486 1543 598 1607 Lusus
622 1543 840 1626 Pastoroles;
856 1541 1003 1609 oelendo
1020 1544 1056 1610 se

90 1662 197 1722 stesso
220 1661 311 1722 sotto
334 1657 367 1722 le
390 1656 521 1742 spoglie
545 1655 577 1721 d'
594 1678 642 1722 un
664 1663 809 1743 pastore,
834 1663 937 1724 eante
963 1678 1054 1725 amo·

89 1792 164 1837 rose
187 1771 329 1837 vitterie
354 1793 372 1836 e
395 1766 595 1859 disinganni
618 1795 636 1837 e
659 1772 769 1838 dolori
792 1773 830 1839 in
854 1795 940 1860 gron
956 1781 1055 1858 perte

89 1885 173 1968 suoi,
197 1910 215 1953 e
239 1887 350 1956 sorive
373 1909 451 1953 oose
474 1886 611 1970 effioaoi,
627 1909 711 1974 pure
725 1889 763 1953 in
779 1890 860 1974 quel
874 1911 1001 1975 genere
1018 1887 1054 1955 di

89 2002 215 2088 poesie,
244 2001 301 2069 del
323 2004 425 2089 quale
447 2003 548 2090 quasi
576 2003 664 2070 tutti
685 2003 699 2068 i
721 2004 797 2070 suoi
819 2009 1054 2088 contempora-

88 2118 147 2184 nei
169 2140 239 2185 non
262 2117 375 2184 fecero
398 2119 461 2184 ohe
486 2141 534 2185 un
550 2119 712 2185 eseroizio
729 2119 761 2185 d'
771 2118 971 2186 imitatione
993 2119 1055 2204 pie

89 2257 108 2301 o
125 2257 226 2301 meno
241 2234 355 2317 felice,
372 2233 416 2301 de
432 2234 592 2302 Teoorito
609 2258 627 2300 e
644 2233 687 2303 de
703 2235 860 2321 Virgilio

154 2350 187 2416 11
203 2350 391 2433 Polizieno‚
416 2348 555 2439 quando
583 2358 686 2419 eante
712 2353 871 2434 d'emore,
897 2351 1054 2438 ritregge

90 2465 145 2530 ne'
162 2465 269 2532 oermi
291 2465 398 2532 isuoi
421 2465 534 2533 ardori
550 2488 612 2551 per
634 2467 771 2554 Lalage,
796 2467 883 2555 ogli
907 2468 1055 2534 emorosi

86 2578 208 2667 sospiri
232 2579 357 2664 oh'egli
380 2579 515 2647 eonfide
537 2581 606 2647 elle
628 2582 731 2665 viole,
760 2583 852 2649 oolte
877 2581 970 2650 delle
993 2605 1056 2651 sue

128 2781 136 2808 ¹
153 2779 195 2829 De
211 2777 333 2830 Diversis
349 2778 483 2834 amoribus
499 2783 599 2845 (Germ.
616 2781 679 2832 Lib.
697 2787 732 2845 1).

126 2860 136 2887 ¹
153 2858 195 2908 De
212 2855 332 2909 Eulalia
348 2858 450 2920 (Germ.
468 2856 533 2908 Lib.
549 2858 591 2916 ιι).

127 2934 137 2962 ⁸
153 2937 166 2962 ¹⁶
175 2932 331 2997 Ingeniosa
346 2932 396 2982 sed
412 2931 581 2982 duriuscule
595 2930 659 2982 visa
674 2937 743 2982 sunt
752 2969 765 2994 ,,

128 3004 208 3058 Πὶαἱ.
224 3005 268 3057 eit.
284 3007 338 3056 ool.
355 3007 409 3057 543.

124 3082 135 3110 ⁴
150 3080 188 3130 In
206 3080 262 3132 The
279 3079 330 3147 life
346 3081 381 3146 of
393 3078 509 3144 Ariosto,
526 3097 670 3148 premesse
685 3081 868 3133 sll'edizione
885 3081 997 3147 inglese
1014 3082 1063 3133 del

76 3155 140 3206 1884
157 3155 353 3207 dell’Orlando
371 3153 498 3208 Fue-ione.
543 3195 547 3202 .

123 3227 177 3277 ἸΙ
194 3225 333 3279 Oarduooi
351 3227 465 3279 difende
484 3229 511 3279 le
529 3228 624 3294 poesie
636 3228 728 3279 latine
740 3227 930 3280 dell’Ariosto
944 3229 1059 3281 dell’eo·

75 3316 147 3353 ousa
164 3302 192 3352 di
210 3303 331 3353 durezza
348 3319 363 3353 e
380 3303 444 3354 dios
461 3304 585 3355 troversi
601 3305 632 3354 in
649 3318 716 3355 esse
732 3303 878 3370 piuttosto
894 3302 1025 3356 sobriete
1044 3321 1060 3356 o

78 3381 91 3406 ¹⁴
102 3391 143 3426 un
160 3377 211 3428 ohe
227 3375 257 3426 di
272 3377 408 3442 esprigno
425 3379 542 3429 salubre
552 3416 573 3443 „‚
589 3378 719 3431 reazions
739 3382 841 3430 oontro
861 3379 889 3431 1ο,
908 3379 1061 3431 soverohie

78 3451 294 3503 soorrevolezze
310 3453 352 3504 de'
369 3455 608 3520 contemporanei.

125 3532 165 3584 Le
179 3529 269 3594 poesie
286 3531 334 3583 lat.
351 3533 385 3584 ed
400 3531 474 3586 ineo.
493 3533 524 3586 oi
538 3536 570 3586 L.
586 3533 703 3600 Arione,
719 3551 747 3602 p.
763 3534 818 3587 166.
