2498 4012
127 249 163 304 44

141 356 200 413 Pro
220 374 252 410 se
268 355 395 428 quisque
414 353 509 427 igitur
529 353 617 426 pueri
633 353 826 426 juvenesque
844 372 1000 429 senesque

176 448 350 518 lintresque
371 453 403 502 et
421 454 544 502 tenerae
565 445 724 517 splendida
741 445 832 501 turba
848 464 947 503 nurus

143 537 230 591 Illius
249 537 415 591 adventum
434 535 604 604 celebraut;
624 541 716 606 atque
734 533 845 591 unicus
863 536 950 591 urbis

177 627 232 680 Est
246 626 359 681 vultus.
380 624 460 680 festo
474 641 629 679 murmure
650 630 762 679 cuncta
779 623 925 683 fremunt.

142 717 199 770 Est
217 715 278 783 via,
297 713 500 785 Panthagiam
518 713 634 786 Syllani
653 714 776 770 nomine
794 714 917 786 dicunt;

177 803 322 858 Omnibus
340 802 390 856 hic
409 800 527 873 superis
545 802 658 873 templa
675 801 777 858 dicata
795 802 918 859 micant.

142 892 201 947 Hic
220 893 326 946 domus
345 891 501 949 aethereas
519 908 718 962 perrumpens
736 891 846 948 Lentia
865 893 972 961 nubes,

176 982 322 1036 Provehit
340 981 377 1036 ad
397 982 507 1036 rutilos
528 981 662 1037 culmina
681 982 763 1037 celsa
780 981 882 1052 polos,

140 1075 238 1140 Quam
259 1091 349 1144 prope
368 1073 500 1129 ridentes
519 1072 707 1130 submittunt
725 1079 811 1144 prata
830 1073 959 1135 colores,

175 1163 321 1234 Pictaque
342 1162 477 1218 florifero
496 1162 632 1234 germine
654 1169 764 1218 vernat
782 1162 902 1219 humus.

140 1253 206 1317 Hic,
227 1254 299 1308 dum
319 1254 497 1324 cornipedes
515 1252 605 1324 primi
624 1253 680 1308 sub
700 1254 829 1310 carceris
851 1274 920 1312 oras

176 1343 351 1413 Tyrrhenae
370 1347 535 1412 expectant
554 1340 640 1412 signa
660 1359 770 1397 canora
789 1343 890 1415 tubae,

139 1432 235 1499 Regia
254 1439 326 1487 nata
344 1434 429 1487 leves
447 1431 561 1502 gaudet
583 1433 740 1487 celebrare
760 1433 895 1502 choreas,

173 1523 303 1592 Jamque
325 1539 420 1576 nurus
439 1529 524 1577 certa
543 1520 667 1576 brachia
684 1521 752 1593 lege
773 1530 908 1580 movent.

138 1611 257 1666 Emicat
275 1615 346 1664 ante
365 1611 441 1666 alias
460 1611 550 1668 vultu
569 1610 773 1682 pulcherrima
791 1612 941 1684 nymphas

173 1702 305 1767 Albiera,
325 1709 357 1757 et
376 1702 544 1757 tremulum
562 1701 679 1773 spargit
697 1702 734 1757 ab
754 1718 804 1757 ore
819 1702 917 1774 juber.

136 1793 220 1847 Aura
239 1792 340 1864 quatit
358 1792 443 1847 fusos
461 1792 494 1847 in
513 1790 639 1847 candida
659 1798 744 1863 terga
763 1791 898 1863 capillos,

172 1882 324 1938 Irradiant
342 1881 425 1937 dulci
442 1882 560 1937 lumina
577 1881 664 1953 nigra
681 1881 757 1938 face.

137 1972 271 2045 Tamque
290 1988 361 2026 suas
380 1970 478 2026 vincit
497 1971 636 2036 comites,
658 1988 752 2042 quam
770 1968 895 2025 Lucifer
913 1989 966 2028 ore

172 2061 330 2132 Purpureo
349 2059 479 2115 rutilans
499 2064 582 2114 astra
605 2059 723 2114 minora
739 2059 862 2129 premit.

136 2150 272 2206 Attoniti
291 2149 446 2205 Albieram
464 2154 607 2219 spectant
622 2147 813 2220 juvenesque
832 2165 993 2222 senesque,

172 2240 302 2293 Ferreus
322 2245 368 2293 est
381 2254 470 2306 quem
491 2253 553 2290 non
571 2236 669 2290 forma
687 2237 822 2308 pudorve
843 2244 957 2293 movet.

136 2329 290 2384 Mentibus
308 2328 465 2385 Albieram
483 2326 574 2384 laetis
592 2329 762 2399 plausuque
782 2328 925 2397 secundo,

172 2418 326 2472 Albieram
345 2422 424 2471 nutu
443 2415 559 2471 lumine
579 2432 653 2470 voce
672 2417 809 2487 probant.

135 2507 237 2562 Vertit
256 2507 288 2560 in
305 2507 383 2561 hanc
403 2511 507 2560 torvos
526 2505 715 2560 Rhamnusia
736 2504 861 2561 luminis
881 2507 981 2581 orbec,

171 2597 351 2669 Exiguoque
371 2601 474 2651 movet
493 2612 649 2651 murmura
667 2613 761 2667 parva
779 2614 859 2651 sono.

137 2688 215 2743 Tum
233 2687 360 2743 miserae
379 2687 472 2741 letale
490 2684 606 2752 favens,
626 2685 782 2758 oculisque
802 2684 935 2742 nitorem

170 2776 286 2849 Adjicit
304 2782 335 2832 et
354 2776 444 2832 solito
465 2775 577 2831 celsius
597 2793 651 2830 ora
668 2776 762 2831 levat.

139 2866 296 2938 Tantaque
314 2867 497 2937 perturbans
515 2863 669 2935 extemplo
688 2863 806 2933 gaudia,
825 2863 953 2920 tristem*

170 2957 238 3022 Qua
256 2960 361 3027 pereat
381 2954 468 3025 virgo
487 2952 608 3025 quaerit
626 2953 735 3007 acerba
752 2951 841 3008 viam.

133 3045 192 3100 Hic
212 3045 335 3100 Febrim
354 3044 512 3099 aethereas
533 3048 705 3112 carpentem
724 3041 871 3112 prospicit
890 3059 989 3111 aurae,

168 3137 303 3190 Exerere
321 3133 434 3190 icarius
453 3133 525 3188 dum
545 3138 632 3201 parat
652 3150 705 3187 ora
724 3132 825 3187 Oanis,

132 3223 222 3278 Illam
241 3225 340 3278 Erebo
361 3223 521 3294 Nocteque
542 3227 641 3275 satam
662 3220 849 3276 comitantur
868 3228 994 3278 euntem

167 3312 345 3381 Luctusque
366 3317 397 3365 et
416 3309 553 3366 tenebris
576 3309 659 3364 Mors
678 3310 824 3380 adoperta
844 3317 949 3380 caput,

133 3401 174 3455 Et
192 3398 334 3456 Gemitus
352 3400 459 3469 gravis,
479 3407 511 3455 et
529 3399 655 3455 Gemitu
674 3398 840 3454 commixta
858 3397 1000 3468 Querela,

169 3488 388 3559 Singultusque
406 3487 558 3556 frequens,
579 3488 789 3556 Anxietasque
807 3486 904 3557 ferox,
