2498 4012
131 277 184 332 132

252 385 334 439 Dum
353 381 439 454 licet,
457 380 534 436 laeti
552 381 645 438 simul
663 381 707 438 ite
726 387 872 450 amantea,

289 474 369 528 Dum
388 470 470 536 licet,
490 471 600 526 molles
619 471 734 542 pariter
752 471 876 542 puellae

288 561 336 615 Ite
355 558 506 615 flaventes
524 559 610 615 vario
630 558 759 631 capillos

608 651 729 706 Nectite
744 656 837 706 serto.

253 741 342 796 Nunc
360 739 452 796 simul
471 740 544 796 telis
562 740 671 812 positis
691 757 809 795 amores

287 829 395 885 Matris
413 828 577 886 haerentes
596 829 687 886 lateri
705 836 737 884 et
755 829 900 883 decentes

289 921 412 977 Gratiae
431 921 537 991 plenos
555 921 695 977 referunt
713 926 832 976 resecto

609 1010 699 1065 Flore
719 1009 875 1082 quasillos

258 1098 317 1154 Per
334 1096 416 1154 feros
434 1098 541 1163 saltus,
561 1117 615 1170 per
633 1098 738 1171 iniqua
755 1099 854 1153 lustra

293 1185 436 1258 Undique
456 1188 594 1242 occultas
613 1186 732 1258 agitans
750 1186 883 1241 latebras

291 1276 404 1331 Fertur
421 1281 454 1330 et
472 1275 575 1348 sylvas
595 1275 678 1331 varia
697 1274 833 1330 ferarum

609 1365 713 1436 Strage
734 1368 884 1429 cruentat,

257 1453 346 1509 Clara
365 1455 501 1509 Latonae
521 1452 655 1523 soboles;
675 1452 786 1509 nitenti

292 1543 374 1599 Huic
394 1561 497 1598 comae
518 1544 549 1598 in
569 1544 682 1598 nodum
702 1541 873 1614 religantur
892 1562 983 1615 auro,

292 1631 409 1688 Pendet
428 1639 534 1687 aurata
551 1649 590 1686 cx
607 1631 743 1686 humeris
763 1632 916 1702 pharetra,

295 1716 310 1793 Ἰ
612 1720 730 1777 Pendet
749 1727 780 1776 et
799 1738 895 1776 arcus.

259 1811 381 1869 Circum
401 1818 476 1867 eunt
494 1811 645 1884 nymphae
663 1811 763 1877 simul,
783 1808 837 1865 illa
856 1829 951 1867 cursu

294 1899 415 1955 Gaudet
434 1898 545 1955 effusos
565 1899 680 1970 agitare
700 1915 815 1964 cervoS,

293 1987 382 2043 Hanc
397 1987 487 2059 juvat
506 1986 599 2043 certis
614 1987 727 2057 jaculis
744 1986 870 2058 fugaces

613 2076 723 2148 Figere
742 2077 856 2149 lyncas.

262 2166 351 2220 Nunc
369 2166 406 2221 ab
427 2166 567 2221 umbroso
586 2164 678 2221 simul
698 2166 834 2221 esculeto

299 2254 424 2311 Daulias
442 2256 506 2311 late
525 2255 677 2327 queritur:
697 2256 837 2328 querelas

299 2344 472 2400 consonum
491 2343 572 2400 circa
589 2362 698 2400 nemus
718 2350 749 2399 et
765 2343 873 2414 jocosa

614 2433 727 2490 Reddit
744 2432 850 2501 imago.
