2498 4012
1026 287 1080 344 125

165 397 257 467 Tolle,
276 415 359 468 puer,
379 396 481 464 vittas,
502 403 592 469 atque
611 397 643 453 in
662 415 709 452 me
729 396 846 454 lumina
865 397 957 464 solve,

162 482 276 553 Nempe
296 489 328 537 et
346 481 459 538 amabis
479 484 571 538 Amor
590 482 749 554 pulchram
768 481 932 552 cupiasque
951 477 1078 550 Cupido.

49 613 51 617 ψ
160 573 230 642 Ipsa
248 571 305 627 tibi
323 578 454 640 tenuem,
475 590 535 644 qua
554 571 657 643 cingas
676 576 820 642 tempora,
840 568 951 625 vittam

161 659 369 714 Jntertextam
388 677 471 727 auro,
489 666 522 737 et
540 660 624 714 molli
643 660 788 732 bombyce
807 658 927 713 laboro:

98 784 101 789 ·
159 747 265 804 Pictus
282 748 336 802 ubi
353 748 513 804 Narcissus
532 748 604 814 hiat,
624 748 769 804 Meander
789 748 918 803 oberrat.

162 834 221 890 Hic
242 854 297 907 ego
316 842 347 890 te
366 836 443 891 latas
462 843 568 904 terraS,
588 842 679 909 atque
699 837 761 892 alta
779 837 886 892 volatu

160 921 272 978 Nubila
290 929 465 979 tranantem
484 924 573 995 fingo,
595 929 626 979 et
644 923 739 979 maria
758 923 817 978 uda
835 930 1001 980 secantem.

162 1011 280 1067 Cuncta
298 1011 356 1067 tibi
374 1012 501 1084 imperia
519 1013 706 1083 subdentem,
726 1012 937 1085 hominesque,
957 1013 1099 1084 ferasque

158 1102 199 1156 Et
217 1101 316 1172 pictas
335 1102 480 1169 volucres,
500 1107 531 1157 et
550 1120 626 1175 quae
647 1109 724 1157 nant
743 1119 873 1173 aequore
894 1108 1036 1157 monstra.

158 1189 223 1246 Diis
242 1209 360 1264 quoque
380 1209 438 1246 nec
456 1191 568 1262 parcis:
589 1210 680 1248 curru
699 1209 752 1246 rex
771 1190 914 1262 Juppiter
933 1207 1025 1246 aureo

158 1279 325 1346 Invehitur,
345 1280 465 1336 cinctus
480 1281 625 1338 humeros
645 1287 677 1337 et
695 1280 819 1337 brachia
836 1280 926 1336 ferro.

157 1369 240 1434 Quos
261 1369 342 1424 inter
361 1376 415 1425 tua
433 1371 550 1444 Psyche
572 1370 664 1427 etiam
683 1369 812 1442 religata
831 1370 947 1425 catenis

158 1461 198 1514 Et
217 1478 355 1516 moerens
374 1461 578 1535 sequiturque
599 1469 669 1520 tuos
689 1462 811 1534 captiva
829 1460 1009 1532 triumphos.

570 1789 605 1840 V.

330 1938 481 2007 BAOOO
507 1941 850 2009 OONOILIATORI
915 1950 917 1952 ’

360 2081 437 2137 (Dial.
453 2083 485 2154 de
506 2083 698 2135 intellectione,
714 2082 770 2127 Lib.
785 2083 812 2137 1.)

222 2241 305 2296 Mero
325 2242 481 2298 madentes
499 2243 584 2314 largo
604 2249 636 2297 et
654 2241 795 2298 edacibus

255 2331 343 2387 Curis
362 2332 465 2400 soluti,
483 2333 556 2387 dum
574 2331 631 2386 tibi
650 2329 807 2386 candidam

254 2421 376 2488 Lucem,
395 2424 536 2487 Deorum,
556 2419 702 2485 ducimus,
723 2418 834 2491 optime

257 2510 384 2576 Bacche,
404 2527 460 2566 seu
478 2508 644 2582 Dionysius

218 2613 315 2668 Mavis
334 2611 448 2680 vocari,
470 2629 522 2668 scu
542 2611 638 2683 magis
657 2610 761 2678 Euius,

254 2703 314 2757 Seu
333 2707 368 2757 tu
388 2703 517 2774 Lyaeus,
537 2719 592 2757 seu
610 2700 754 2757 Bromius
772 2701 876 2772 magis,

254 2791 392 2857 Liberve,
413 2791 595 2861 Jacchusve,
616 2798 671 2848 aut
690 2792 808 2848 Semele
827 2799 912 2848 satus

251 2881 291 2935 Et
309 2880 412 2951 magni
430 2880 550 2937 soboles
573 2882 594 2937 J
596 2882 678 2952 ovis3

215 2982 313 3056 Adsis,
332 2985 492 3055 Bassareu,
512 2985 649 3040 laetitiae
670 2986 767 3052 dator,

257 3071 359 3127 Adsis:
382 3071 519 3128 furentes
539 3079 587 3128 ast
605 3090 660 3144 age
678 3073 840 3128 Maenadas

252 3159 289 3214 In
303 3159 377 3231 juga
396 3160 507 3216 crebris
525 3159 631 3215 Indica
648 3159 800 3232 tympanis

251 3250 380 3314 Resona,
401 3254 494 3320 atque
514 3249 694 3305 ululatibus.

218 3351 339 3422 Lyncas
358 3369 416 3406 nec
435 3368 520 3406 acres
540 3351 662 3422 advehe,
682 3368 743 3407 neu
764 3370 837 3424 gere

251 3439 390 3510 Thyrsos,
410 3446 575 3495 venustum
593 3457 651 3495 nec
671 3446 741 3511 tege
761 3441 876 3498 casside

250 3527 403 3581 Hortante
416 3527 544 3592 vultum,
564 3526 614 3580 sed
634 3533 741 3583 tenero
761 3530 833 3586 veni

256 3617 382 3685 Cinctus
403 3639 518 3678 cornua
536 3621 692 3697 pampino:
