2498 4012
140 362 225 418 Idem
242 367 274 417 et
293 361 441 417 immensi.
453 361 544 417 maris
562 377 684 431 aequor,
704 360 786 417 idem

139 452 229 508 Aeris
247 451 330 509 vasti
348 451 446 523 spatia
465 458 497 506 et
512 446 645 523 jacentis

142 541 289 597 Intimum
307 547 408 597 terrae
426 541 575 613 gremium
594 541 740 612 fovesque

413 633 454 687 Et
472 632 548 689 seris
567 631 653 687 idem.

139 735 248 792 Omnia
267 754 305 791 ex
323 741 355 790 te
372 742 453 802 sunt,
472 753 568 808 genus
587 753 675 790 omne
691 752 746 806 per
764 740 794 790 te

137 824 289 896 Gignitur,
309 824 422 880 erescit
441 824 532 880 simul
552 831 583 880 et
601 830 758 896 perennat,

139 914 179 969 Et
198 913 256 969 tibi
274 920 439 986 assurgunt
457 931 582 968 nemora
601 920 632 968 et
651 912 706 969 tibi
725 913 837 968 herbae

428 1003 560 1058 Germen
580 1007 612 1057 et
631 1020 730 1057 omne.

141 1106 258 1161 Cuncta
277 1106 331 1161 sed
349 1110 381 1160 te
403 1123 472 1160 oum
493 1111 640 1160 verentur
659 1122 762 1172 unum,

141 1194 183 1248 Et
201 1212 289 1266 regas
309 1199 427 1267 cuneta,
448 1212 465 1248 o
484 1200 571 1265 pater
590 1194 668 1248 alme
687 1211 798 1261 rerum,
874 1242 885 1265 χ

141 1282 262 1362 Deseris
280 1301 334 1338 cur
353 1302 424 1338 nam
443 1282 499 1338 tibi
518 1283 691 1339 dedicatum
885 1270 887 1275 ¹

427 1373 546 1445 Vulgus
565 1373 744 1428 amantum?

142 1473 189 1528 Tu
209 1475 317 1531 choros
337 1476 452 1546 primus
470 1492 673 1547 numerosque
691 1475 790 1530 nectis

144 1563 264 1620 Primus
284 1571 316 1620 et
335 1582 458 1620 carmen
477 1563 622 1619 meditare
643 1563 755 1632 nervis

144 1653 280 1725 Negligis
299 1671 391 1725 quare
414 1653 471 1708 tibi
489 1653 645 1708 dedicatos

426 1745 524 1814 Asper
542 1742 698 1797 amantes?

141 1843 183 1898 Et
202 1841 259 1898 tibi
277 1849 326 1899 est
345 1861 442 1912 arcus,
463 1843 520 1898 tibi
538 1849 611 1898 sunt
630 1843 766 1914 sagittae,

143 1935 184 1988 Et
203 1951 289 1988 coma
307 1934 431 1989 intonsa
450 1940 481 1989 et
499 1935 625 2005 puerilis
644 1941 739 2004 aetas,

143 2024 283 2095 Despicis
302 2043 356 2079 cur
374 2042 445 2079 nam
464 2023 522 2079 tibi
540 2025 715 2080 dedicatum

429 2114 545 2168 Nomen
565 2114 742 2168 amantum?

142 2214 184 2269 ‘re
205 2214 312 2269 oolunt
330 2213 420 2285 primi
439 2220 642 2286 metuuntque
662 2221 799 2270 amantes

144 2307 184 2361 Et
203 2310 292 2360 tuum
311 2303 403 2376 primi
420 2310 609 2361 venerantur
628 2311 753 2370 astrum,

142 2395 211 2449 Lux
230 2394 312 2449 enim
330 2394 392 2448 dux
414 2400 468 2459 est,
489 2393 572 2448 oculi
591 2393 701 2448 eduoes
721 2398 794 2448 sunt
889 2450 891 2453 ,

428 2484 493 2538 Fax
514 2489 545 2538 et
564 2490 729 2538 amantum.

143 2587 226 2654 Quin
244 2605 348 2642 amans
366 2585 482 2657 primus
503 2587 628 2643 choreas
646 2588 803 2659 lyramque

142 2676 271 2732 Carmen
290 2681 414 2730 exercet
432 2693 553 2747 quoque
573 2675 690 2747 primus
712 2675 801 2746 idem,

143 2767 220 2822 Nam
238 2765 318 2837 lyra,
338 2770 369 2819 et
388 2782 509 2819 oarmen
529 2765 707 2837 numerique
729 2763 826 2819 amori

427 2854 544 2909 Pabula
562 2855 717 2926 praebent.

143 2960 259 3013 Doctor
278 2963 309 3011 et
327 2955 468 3027 princeps
489 2956 614 3011 choreae
635 2961 666 3010 et
685 2954 830 3025 magister

145 3044 302 3116 (larminis,
323 3045 377 3112 sol,
397 3044 455 3099 hoo
474 3063 538 3116 age,
558 3045 620 3099 dux
640 3049 804 3108 amantum,
866 3080 868 3085 «

143 3135 212 3190 Hor,
232 3152 287 3206 age
309 3141 341 3189 et
361 3151 466 3189 ourarn
487 3133 544 3188 tibi
563 3131 720 3187 dedicatae

429 3220 552 3292 Suscipe
573 3219 682 3293 gentis.

144 3325 265 3398 Quique
284 3327 456 3398 liquentem
475 3343 546 3379 aera
565 3323 676 3396 quique
697 3320 810 3376 falsum

144 3415 268 3486 Aequor
285 3413 433 3481 accendis,
455 3413 630 3484 vitreasque
651 3411 745 3476 sedes

143 3504 190 3560 Ao
209 3502 294 3559 sinus
312 3509 411 3558 terrae
432 3502 573 3575 gravidos
592 3507 737 3570 satusque

252 3591 254 3594 ’
429 3591 560 3649 Calfaeis
581 3608 694 3656 omnes,
