2498 4012
296 363 356 419 Ure
377 382 538 435 spernaces
553 367 704 439 juvenum
722 368 850 440 puellas,

295 457 359 514 Ure
378 457 515 514 diversas
533 461 571 515 ab
590 459 701 515 amoris
720 476 802 526 aura,

297 546 359 601 Ure
379 552 411 601 et
429 546 555 604 immitis
575 548 692 604 animos
711 554 842 621 tuasque

579 636 688 692 Ineute
707 634 852 694 flammas.

295 738 336 791 Et
354 735 429 790 mihi
447 735 523 792 felix
542 737 620 805 ades,
640 744 673 793 et
691 745 870 810 protervum

296 824 430 881 Fanniae
450 831 558 897 peetus
578 826 743 894 moderare,
763 827 871 883 adacta

297 915 459 970 ventilans
478 916 606 988 sparsim
624 916 700 985 face,
720 917 906 989 dexteraque

580 1006 732 1077 Lampada
751 1022 906 1079 quassans,

295 1108 448 1178 Lampeda
467 1115 560 1178 atque
579 1109 650 1165 illos
668 1107 777 1175 radioS,
796 1108 900 1165 aduris

296 1197 373 1264 Quis
392 1204 423 1252 et
442 1196 583 1253 immanis
601 1197 736 1268 tigrides,
755 1197 915 1270 ferumque

297 1286 445 1358 Aspidum
465 1286 502 1341 ad
520 1287 625 1359 Syrtes
643 1304 749 1358 genus,
769 1292 862 1359 atque
881 1291 978 1343 tetras

579 1375 617 1430 In
637 1393 717 1431 mare
737 1375 857 1446 phocas.

633 1702 695 1755 XV.

514 1864 580 1930 AD
603 1861 796 1930 AMICAM

437 2034 441 2039 ·
548 2007 657 2057 (Versus
670 2002 778 2060 Lyrioi.)

262 2197 304 2251 Te
324 2213 371 2263 ne,
391 2194 464 2250 dum
482 2194 571 2266 ludia,
592 2192 724 2249 charites
744 2189 935 2262 sequuntur?

296 2285 337 2339 Te
357 2301 405 2353 ne,
424 2284 496 2339 durn
515 2283 600 2345 rides,
621 2282 736 2338 Amor?
754 2281 792 2336 ah
812 2298 859 2336 me
879 2282 1034 2345 amantem

294 2375 334 2429 Et
352 2372 433 2444 fugit
451 2373 540 2442 risus,
560 2372 742 2444 fugiuntque
763 2372 857 2437 lusae,

576 2463 617 2516 Et
636 2459 741 2516 Charis
761 2458 867 2514 omnia.

258 2567 338 2619 Dum
357 2564 448 2631 oanis,
468 2571 573 2620 tecum
592 2562 727 2619 Aonides
746 2561 865 2632 puellae

295 2657 477 2725 Concinunt,
498 2661 530 2711 et
549 2656 621 2710 dum
640 2654 784 2725 loqueris,
806 2654 925 2724 lepores

294 2747 419 2813 Femur,
438 2747 499 2801 heu
520 2763 567 2800 me
587 2763 649 2800 non
668 2745 762 2814 lepor,
781 2743 843 2797 heu
862 2738 1028 2794 dolentem

578 2835 645 2888 Non
664 2832 748 2887 levat
767 2832 845 2886 Aon.

153 3002 157 3009 ,
258 2942 339 2994 Dum
358 2937 461 2992 minax
480 2937 511 2992 in
530 2954 585 2991 nos
606 2935 710 2991 oeulos
729 2940 898 3006 retorqueo,

293 3028 334 3081 Et
353 3027 425 3082 deos
444 3025 523 3080 irate
543 3025 621 3080 male
641 3021 826 3094 imprecaris,

294 3117 415 3187 Ingruit
433 3115 540 3172 statim
558 3115 645 3170 dolor
664 3121 696 3170 et
715 3115 842 3170 deorum

579 3207 631 3260 Ire
649 3204 829 3260 minantum.

259 3307 326 3360 Non
345 3325 381 3361 ne
402 3315 433 3363 et
452 3309 560 3365 infelix
580 3309 786 3380 miserumque
805 3304 936 3362 amantis

294 3397 426 3452 Munus?
447 3406 493 3454 est
513 3400 559 3454 illi
578 3400 673 3467 dolor,
695 3404 742 3453 est
761 3404 791 3452 et
810 3412 907 3468 usque

295 3486 432 3558 Curaque
453 3497 483 3544 ot
501 3508 622 3545 moeror
641 3508 752 3557 oomoS,
773 3495 820 3544 est
839 3488 980 3543 laborum

579 3581 669 3637 Certa
687 3596 828 3651 propage.
