2572 4020
604 305 673 357 VII.

244 458 296 524 IN
320 456 560 523 TUMULUM
587 452 784 522 LAURAE
807 451 1029 520 PUELLAE

461 599 692 655 (epigrammaton,
707 594 765 641 Lib.
778 596 806 650 ι.)

204 762 245 816 Et
263 758 404 815 lacrimas
422 756 515 813 etiam
533 756 640 828 Superi
658 757 722 826 tibi,
741 759 851 832 Laura,
871 759 1036 816 dedissent:

238 851 297 905 Fas
316 848 409 904 etiam
428 849 559 920 Superos
577 846 604 903 si
621 846 779 904 lacrimare
799 848 888 904 foret.

203 938 292 1007 Quod
309 938 411 1010 potuit
429 944 540 1004 tamen,
561 943 684 993 auratas
702 938 783 993 Puer
799 938 853 995 ille
872 937 1000 1010 sagittas

238 1028 351 1101 Fregit,
370 1033 403 1083 et
422 1025 588 1083 exstinctas
606 1033 722 1082 moesta
741 1027 874 1100 Erycina
891 1026 983 1083 faces.

202 1118 260 1174 Sed
279 1115 419 1187 quamvis
436 1114 574 1170 homines
593 1121 720 1187 tangant
739 1122 794 1171 tua
811 1115 883 1184 fata,
903 1117 1053 1189 Deosque,

236 1205 321 1262 Nulli
338 1204 477 1272 flebilior,
496 1222 588 1277 quam
605 1204 687 1272 mihi,
706 1204 780 1275 vita,
795 1205 885 1277 jaces.

200 1295 320 1352 Felices
338 1293 464 1361 animae,
484 1293 594 1363 quibus
612 1294 638 1349 is
657 1311 754 1349 comes
772 1293 910 1366 ipseper
928 1295 1065 1365 umbras;

237 1386 278 1440 Et
297 1383 387 1439 datur
404 1383 543 1455 Elysium
561 1383 606 1439 sic
623 1383 759 1440 habitare
778 1400 895 1440 nemus.

588 1711 673 1762 VIII.

411 1860 462 1925 nr
485 1859 695 1928 cumcun
718 1837 848 1925 sunu

457 2002 688 2057 (Epigrammaton,
704 2001 761 2045 Lib.
775 2000 802 2052 r.)

160 2167 245 2222 Haec
265 2163 340 2219 mihi
357 2181 434 2236 quae
453 2179 556 2219 roseos
571 2160 663 2234 jussit
681 2160 803 2217 sordere
821 2159 1009 2233 hyacinthos,

193 2258 234 2309 Et
253 2253 331 2308 nitet
350 2252 488 2307 articulis
506 2250 596 2306 unica
614 2267 734 2321 gemma
751 2249 835 2317 meiS,

159 2343 252 2399 Cuius
271 2342 303 2397 in
322 2341 431 2413 exiguo
450 2342 568 2395 Ductor
585 2345 648 2395 stat
667 2339 791 2395 Troicus
810 2338 890 2406 orbe,

193 2431 402 2500 Anchisesque
422 2446 523 2502 senex,
543 2427 754 2498 Ascaniusque
773 2444 862 2500 puer:

158 2518 234 2585 Quis
253 2518 375 2573 credat?
392 2523 514 2574 veteres
531 2517 613 2572 inter
630 2516 772 2588 neglecta
790 2515 892 2571 ruinas

192 2610 233 2663 Et
251 2608 307 2664 vili
324 2607 417 2663 latuit
434 2607 631 2678 semisepulta
649 2607 723 2662 solo.

158 2697 204 2753 Tu
222 2703 325 2752 tamen
344 2697 503 2766 obrueras;
522 2713 579 2751 nec
597 2700 638 2761 te,
657 2693 807 2760 Sinuessa,
826 2693 957 2765 pudebat

191 2789 259 2842 Hoc
276 2787 369 2842 decus
388 2785 449 2842 heu
469 2784 560 2840 terris
579 2783 750 2839 occuluisse
770 2782 841 2839 tuis.

155 2876 280 2932 Scilicet
298 2876 424 2931 Aenean
442 2875 615 2945 Natumque
634 2873 820 2942 Patrumque
839 2879 997 2943 gerentem

191 2962 315 3036 Ignibus
335 2970 454 3019 erectos
474 2963 677 3030 obrueresque
696 2960 798 3016 Deos?

155 3054 283 3109 Parcere
304 3054 459 3118 debueras,
480 3051 529 3107 cui
544 3051 607 3122 jam
625 3050 675 3121 pia
693 3048 813 3105 flamma
829 3050 973 3122 pepercit,

189 3144 253 3199 Nec
272 3149 302 3198 te
322 3149 385 3198 tam
403 3142 487 3213 turpi
506 3142 689 3196 dedecorare
708 3144 792 3194 nota.

155 3227 196 3286 Et
214 3231 351 3286 dubitem
369 3231 538 3302 Belgasque
557 3229 647 3295 force,
666 3226 838 3300 rigidosque
859 3228 1022 3284 Britannos

189 3322 255 3375 Hac
276 3320 394 3386 comite,
414 3320 534 3391 ignotos
554 3326 585 3375 et
603 3325 762 3390 penetrare
782 3317 885 3374 sinus?

153 3409 239 3464 Haec
259 3414 306 3464 est
324 3407 428 3464 iliacos
447 3408 543 3480 pictas
563 3411 701 3479 spectata
719 3422 774 3476 per
791 3405 885 3478 ignes,

188 3498 291 3567 Quum
308 3497 406 3554 verita
424 3504 472 3553 est
491 3497 635 3570 profugos
653 3495 773 3552 laedere
793 3495 914 3553 flamma
931 3499 1021 3554 Deos.
