2498 4012
591 495 645 548 VI.

326 644 390 710 DE
414 642 635 711 DIVERSIS
662 643 908 715 AMORIBUS

468 783 637 838 (carminum,
659 785 716 831 Lib.
730 787 768 841 ιι.)

147 959 205 1012 Est
223 973 291 1011 mea
309 975 391 1013 nuno
410 959 548 1032 Glyeere‚
569 976 636 1013 mea
655 976 736 1016 nuno
756 965 803 1013 est
823 976 896 1014 eura
914 961 1042 1033 Lycoris

183 1047 270 1118 Lyda
286 1047 374 1103 modo
393 1066 479 1104 meus
499 1054 553 1115 est,
573 1054 621 1103 est
639 1048 727 1102 modo
747 1048 866 1122 Phyllis
886 1067 977 1104 amor.

147 1137 265 1195 Primae
283 1140 398 1196 Glaura
415 1140 498 1196 faoes
516 1145 659 1196 renovat:
679 1144 782 1196 movet
800 1140 903 1212 Hybla
921 1145 1066 1209 recentes,

183 1229 255 1285 Mox
274 1246 397 1285 cessura
415 1229 479 1302 igni
496 1229 618 1296 (lisura,
637 1230 689 1285 vel
707 1229 809 1302 Hybla
827 1247 915 1285 novo.

144 1317 211 1374 Neo
230 1317 305 1373 mihi
323 1318 451 1385 diverso,
471 1336 529 1374 nee
549 1318 657 1374 eodem
675 1324 811 1390 tempore
831 1337 919 1391 saepe

183 1407 314 1478 Centum
333 1427 446 1464 vesano
465 1406 588 1464 suntin
607 1425 710 1463 amore
728 1408 813 1464 satis.

147 1497 192 1554 Ut
210 1514 278 1552 sum
297 1497 323 1553 si
341 1498 456 1568 plaaeo,
477 1515 524 1552 me
544 1515 593 1552 me
613 1497 657 1553 sio
675 1503 763 1553 utere
782 1498 868 1570 virgo

181 1587 242 1642 Seu
259 1593 347 1658 grata
366 1604 407 1659 es,
426 1605 482 1643 seu
498 1588 561 1659 jam
580 1593 667 1659 grata
685 1587 791 1643 futura
810 1588 894 1643 mihi.

143 1675 212 1730 Hoo
231 1676 304 1732 olim
323 1676 444 1749 ingenio
464 1677 573 1734 vitales
592 1677 749 1734 hausimus
767 1696 864 1744 auras,

180 1765 280 1822 Multa
297 1766 358 1821 eito
377 1773 413 1821 ut
431 1767 573 1837 placeant
591 1766 781 1838 displicitura
800 1768 895 1826 brevi.

143 1856 212 1912 Non
230 1855 263 1910 in
281 1873 383 1911 amore
402 1856 489 1912 modo
510 1874 593 1912 mens
611 1859 695 1925 haee,
714 1858 768 1913 sed
785 1858 818 1912 in
838 1859 978 1916 omnibus
996 1859 1093 1933 impar

181 1945 252 2017 Ipsa
270 1944 328 2001 sibi
346 1946 438 2018 longa
456 1965 518 2002 non
537 1947 696 2004 retinenda
715 1966 806 2004 mora.
938 2007 941 2012 ,

144 2036 240 2106 Saepe
259 2036 364 2091 eadem
382 2038 519 2092 Aurorae
539 2055 625 2093 rosea
644 2044 788 2110 surgente
807 2038 954 2110 quadriga

179 2125 248 2179 Non
266 2129 322 2190 est,
342 2143 419 2197 quae
438 2125 539 2180 fuerat
557 2127 620 2181 sole
641 2127 769 2182 cadente
788 2127 872 2182 mihi.

145 2213 169 2268 Ο
189 2219 264 2287 quot
281 2218 415 2270 tentatas
433 2213 488 2269 illa
507 2219 554 2270 est
573 2223 695 2272 versata
713 2234 767 2288 per
786 2223 867 2272 artes

178 2303 337 2360 Festivom
356 2303 519 2376 impatiens
537 2305 661 2360 rettulit
680 2306 760 2361 unde
779 2307 895 2378 pedem,

143 2393 220 2450 Cum
237 2394 368 2466 primum
386 2394 494 2467 longos
512 2395 601 2467 posui
618 2395 654 2451 de
673 2414 755 2452 more
777 2396 911 2469 capillos,

177 2485 294 2557 Estque
312 2483 388 2539 mihi
405 2484 536 2556 primum
554 2486 667 2541 tradita
685 2505 762 2558 pura
780 2493 861 2559 toga.

142 2575 226 2629 Haeo
245 2591 293 2628 me
312 2574 453 2630 verbosas
471 2573 569 2630 suasit
587 2575 757 2645 perdiscere
777 2576 869 2649 leges

177 2664 348 2736 Amplaque
368 2656 501 2719 olamosi'
512 2682 658 2736 quaerere
677 2665 765 2721 luera
783 2665 852 2722 fori.

141 2751 242 2823 Atque
264 2749 367 2806 eadem
385 2756 522 2822 optatam
541 2760 713 2823 sperantem
733 2753 883 2827 attingere
904 2761 1024 2824 metam,

175 2841 243 2896 Non
260 2841 343 2896 ultra
360 2857 448 2912 passa
465 2846 514 2896 est
531 2840 666 2912 improba
684 2842 764 2897 ferre
783 2844 897 2914 pedem.

140 2930 248 3002 Meque
267 2931 305 2985 ad
323 2930 516 2985 Permessum
533 2936 624 2987 vorat
643 2930 824 3001 aoniumque
844 2932 1032 3006 Aganippem

175 3022 316 3092 Aptaque
334 3018 479 3092 virgineis
498 3019 603 3074 mollia
621 3025 709 3091 prata
728 3020 836 3076 choris.

140 3109 252 3180 Meque
266 3108 356 3179 jubet
373 3109 463 3165 dooto
481 3108 577 3166 vitam
595 3109 762 3181 producere
783 3114 885 3178 eantu,

176 3197 237 3252 Per
255 3215 378 3252 nemora
397 3198 451 3253 illa
463 3198 566 3255 avidis
586 3218 648 3254 non
668 3199 807 3255 adeunda
826 3199 910 3258 viris.

139 3288 272 3360 Jamque
291 3288 380 3356 acies,
396 3289 459 3362 jam
478 3288 562 3345 faeta
581 3290 701 3358 dueum,
721 3289 782 3345 iam
801 3288 894 3345 fortia
912 3288 1019 3346 Martis

174 3375 313 3448 Concipit
332 3383 458 3434 aeterna
475 3378 557 3434 bella
576 3381 711 3435 canenda
729 3381 811 3436 tuba.

136 3467 219 3521 ane
237 3464 350 3522 iterum
368 3468 447 3523 male
466 3486 547 3536 sana,
566 3469 674 3543 inquit,
694 3470 767 3543 quid
785 3470 895 3527 inutile
917 3476 1002 3528 tento

171 3554 240 3610 Hoo
259 3554 395 3612 studium
413 3557 478 3615 vati
495 3561 629 3630 praemia
646 3563 733 3619 nulla
751 3568 884 3621 manent.

736 3808 780 3859 ast
