2498 4012
131 255 172 314 24.

246 360 354 415 Pulsat
372 360 444 414 dum.
463 358 610 414 citharam
629 359 755 423 Neaera,
775 364 906 415 currunt

243 450 290 504 Ad
309 450 460 520 plectrum
479 450 617 523 Dryades
637 449 839 519 Oreadesque,
924 438 927 443 ’

246 539 358 594 cantat
376 538 446 593 dnm
468 540 506 595 ad
526 556 669 594 numeros
688 537 812 605 Neaera,
833 537 918 593 culte
939 539 981 594 ad

244 628 377 683 Centum
397 627 531 682 Naiades
550 632 645 683 ruunt
663 626 849 699 frequentes.

242 715 373 771 Miscent
390 716 440 771 hic
460 716 601 788 thyasos:
620 717 737 770 Neaera
754 715 849 783 ducit,

242 805 283 858 Et
301 803 388 859 ducit
405 804 500 859 simul
519 811 551 860 et
571 804 670 874 canit;
690 805 814 861 canenti

243 892 385 964 Assurgit
404 910 511 949 nemus
530 900 737 966 assonantque
756 894 840 966 ripae

242 983 284 1036 Et
302 982 391 1037 littus
411 999 521 1038 resono
540 982 663 1054 fragore
682 983 811 1054 plaudit,

241 1069 365 1126 Plaudit
384 1071 533 1127 caeruleis
551 1075 694 1128 Avernus
713 1072 811 1129 undis.

242 1159 362 1215 Gaurus
380 1160 417 1216 de
437 1161 562 1232 specula
581 1163 730 1233 superbus
750 1163 814 1218 alta

242 1247 395 1303 Diffundit
413 1250 519 1316 violas,
541 1269 649 1316 rosam,
671 1269 814 1324 cyperon,

242 1339 282 1391 Et
300 1339 394 1408 myrti
414 1346 538 1394 teneros
557 1341 718 1412 thymique
737 1341 839 1411 flores,

242 1427 313 1482 Una
333 1434 364 1481 et
384 1428 493 1482 balnea
516 1436 686 1485 consonant
705 1431 863 1486 Neaeram.

241 1516 305 1582 Dic,
326 1535 343 1572 o
363 1517 411 1572 dic
432 1537 495 1589 age,
515 1520 615 1588 Petre,
635 1538 710 1590 quae
731 1521 875 1591 voluptas

241 1604 326 1670 Quae
346 1622 431 1660 mens
453 1613 520 1660 tum
539 1607 615 1662 tibi?
633 1624 695 1661 non
713 1608 825 1664 beatus
845 1610 937 1664 esse?

240 1695 309 1748 Non
327 1694 385 1750 diis
404 1696 568 1766 persimilis
588 1696 644 1752 tibi
663 1697 795 1753 videris?

241 1782 321 1848 Quid
342 1801 411 1838 cum
430 1784 465 1838 de
490 1784 649 1840 Charitum
668 1803 769 1851 manu,
790 1787 937 1857 capillum

237 1875 359 1938 Ornata,
378 1874 555 1929 Ambrosiae
576 1882 609 1929 et
628 1892 734 1929 comen
757 1874 876 1946 liquore

240 1963 276 2015 In
295 1967 326 2016 te
345 1962 507 2017 dulciculis
527 1970 618 2018 tuens
639 1965 748 2019 ocellis

241 2052 277 2106 In
296 2059 325 2105 te
347 2052 479 2106 lacteolo
499 2052 570 2107 sinu
590 2052 701 2119 refusa,

238 2139 375 2195 Instillat
393 2141 547 2212 placidum
566 2140 623 2196 tibi
642 2161 800 2198 venenum

239 2229 280 2283 Et
298 2230 389 2284 vultu
407 2235 440 2285 et
458 2229 548 2286 labiis
569 2236 600 2285 et
622 2249 675 2286 ore
694 2231 808 2298 hiulco,
884 2275 885 2278 η

239 2319 287 2372 An
307 2336 368 2373 non
387 2318 546 2374 invideant
564 2319 607 2374 dii
628 2319 685 2375 tibi
704 2320 782 2391 ipsi?

239 2408 307 2461 Non
325 2408 405 2480 quod
424 2409 467 2463 dii
485 2410 634 2477 dederint,
657 2410 741 2466 dedit
761 2409 899 2466 Neaera?

237 2497 356 2553 Indicas
375 2497 471 2552 etiam
490 2505 526 2552 ut
546 2499 604 2553 diis
624 2499 771 2555 duellum.

563 2815 644 2868 XIV.

456 2973 528 3039 AD
564 2974 747 3040 SOLEM

490 3116 597 3167 (Versus
611 3115 718 3169 Lyrici.)

235 3301 285 3355 Sol
305 3301 396 3356 decus
417 3302 502 3367 coeli,
525 3319 730 3373 superumque
749 3299 900 3371 princeps,

235 3391 351 3444 Auctor
371 3396 402 3444 et
420 3390 505 3456 lucis,
527 3391 701 3445 moderator
721 3388 801 3451 anni,

236 3477 326 3531 Alter
345 3495 362 3531 o
380 3495 540 3550 rerumque
560 3478 819 3548 animantiumque

523 3571 564 3623 Et
583 3574 666 3623 sator
688 3566 776 3633 idem,
