2498 4012
460 1313 682 1391 BASILIO
710 1310 943 1396 ZANCHI.

269 1524 459 1583 Pechissirnc
480 1523 641 1601 sappiamc
662 1521 745 1581 della
764 1543 821 1582 sua
841 1525 921 1587 vita.
944 1530 1000 1591 Ne
1025 1533 1050 1592 il
1075 1534 1180 1608 Gavio,

211 1620 250 1677 ne
272 1618 294 1675 il
318 1616 446 1692 eiraldi,
469 1615 562 1675 dicon
588 1615 673 1673 nulla
693 1615 726 1675 di
748 1617 801 1679 lui.
834 1617 974 1696 Nacque
999 1645 1020 1683 a
1046 1630 1183 1704 Bergamo

210 1711 261 1769 nel
287 1713 376 1769 1501:
405 1711 482 1768 ebbe
504 1729 523 1768 a
545 1718 680 1767 innostro
701 1708 724 1766 il
748 1710 893 1786 llapici0;
918 1715 948 1773 si
973 1723 1071 1794 porte
1092 1721 1183 1797 giova-

209 1804 338 1863 nissimc
360 1822 378 1859 a
398 1802 498 1860 Roma
519 1822 535 1859 e
558 1803 608 1860 nel
633 1805 711 1861 1524
732 1806 822 1862 entre
850 1805 1049 1872 nell’ordine
1073 1813 1124 1873 dei
1143 1832 1182 1871 ca-

211 1897 317 1956 nonici
334 1896 533 1955 lateranensi.
557 1896 636 1953 Mori
658 1895 690 1953 in
711 1915 806 1953 ancor
820 1898 917 1958 verde
940 1906 998 1961 ete
1020 1905 1168 1966 11011558.

251 2056 371 2104 Seressi.
384 2053 491 2105 Basilii
503 2052 620 2104 Zarwbii
637 2052 706 2113 Vita,
718 2057 874 2116 (premessa
885 2056 1083 2115 all’edizion0
1093 2064 1122 2114 di
1130 2065 1182 2113 1301»

201 2147 284 2194 garno
302 2131 348 2180 ‹lel
368 2131 430 2179 1747
447 2130 493 2178 dei
510 2131 656 2191 l'cemaea).

548 2455 830 2522 SOMNIUM

568 2599 729 2652 (Carminnm
744 2598 810 2650 Lib.)

215 2786 282 2840 Nox
302 2791 367 2840 erat
386 2791 418 2840 et
436 2785 531 2840 tacito
550 2785 709 2855 spargebat
730 2785 844 2839 lumina
863 2790 964 2857 coele,

250 2877 291 2930 Et
310 2874 405 2928 maria
425 2880 455 2928 et
475 2880 572 2928 terras
591 2882 745 2944 presserat
765 2875 827 2929 alta
847 2876 945 2944 quies

215 2965 303 3018 Solus
323 2981 378 3034 ego
399 2963 545 3017 insomnis
565 2970 631 3017 tota
652 2963 783 3033 suspiria
802 2970 889 3019 nocte

250 3055 330 3106 Dum
349 3058 462 3122 repeto,
482 3051 617 3104 lacrimis
637 3049 823 3106 imrnaduere
842 3068 953 3121 genae.

213 3142 339 3212 Singula
357 3141 476 3197 fallacis
496 3142 665 3196 meditabar
684 3141 767 3195 dicta
785 3141 907 3212 puellae

248 3230 450 3284 Abstulerant
468 3248 577 3285 sensus
598 3230 736 3301 improba
755 3232 850 3286 verba
869 3249 968 3291 meos.

213 3319 300 3373 Talia
318 3320 390 3374 dum
410 3320 525 3386 flemus
547 3322 667 3375 coelum
686 3321 896 3391 splendescere
918 3327 1017 3398 cepit,

249 3408 462 3479 Fulgebatque
482 3410 577 3478 polus,
599 3427 654 3463 nec
674 3416 777 3464 tamen
796 3415 862 3463 crta
881 3410 959 3471 dies

213 3497 254 3550 Et
269 3496 331 3566 jam
350 3514 504 3568 purpureo
523 3498 672 3569 paulatim
689 3498 815 3553 Lucifer
833 3505 904 3556 ortu

248 3585 396 3642 Praevius
414 3589 552 3645 Aurorae
573 3596 716 3662 coeperat
736 3588 779 3644 ire
798 3607 880 3661 suae,
