2498 4012
254 398 312 454 Sed
327 398 392 469 jam
410 399 480 469 plus
500 397 593 454 solito
619 397 745 453 nitescit
762 415 822 466 aer,

253 488 324 543 Jam
343 487 396 542 lux
415 487 571 542 candidior
589 486 669 542 diem
689 494 818 543 serenat.

253 578 321 648 Cur,
342 577 380 631 ah
399 595 461 646 eur,
482 577 626 633 tenebrae
646 583 770 649 repente
783 576 879 643 nobis,

254 666 315 722 Cur
332 683 392 720 nox
412 665 568 721 exoritur?
586 658 733 736 nigrescit
753 665 848 722 aura?

253 755 348 811 Stella
366 759 415 810 est
433 755 471 810 ad
489 755 656 826 speculum,
678 753 802 810 refulsit
822 754 854 808 in
873 761 915 822 te,

252 846 301 900 An
319 843 424 911 sentis,
444 843 543 910 miser,
564 861 610 903 an,
632 843 760 912 miselle,
780 843 900 899 sentis?

253 934 355 991 Solem
372 933 490 989 lumina
508 933 591 989 victa
609 932 845 1005 pertimescunt.

253 1025 277 1079 Ο
298 1024 395 1078 claras
413 1021 512 1078 medio
532 1023 581 1078 die
601 1023 750 1088 tenebras,

251 1114 275 1168 0
294 1113 396 1167 lucem
414 1112 480 1167 sine
500 1113 581 1167 nube
600 1109 816 1182 nigricantem!

598 1340 638 1392 X.

453 1450 518 1514 AD
542 1445 784 1515 FOOILLAM

481 1559 627 1616 (Bajarum,
640 1560 697 1605 Lib.
712 1560 750 1613 ιι.)

249 1695 395 1752 Lascivos
416 1696 531 1764 cohibe,
552 1696 679 1763 Focilla,
699 1697 823 1762 ocellos,

248 1786 294 1839 Ne
313 1785 421 1855 perdas
440 1785 567 1841 miseros
585 1785 716 1841 videndo
738 1790 884 1849 amantes,

252 1874 434 1930 Summissos
452 1893 508 1931 nec
527 1875 615 1943 habe,
636 1874 762 1940 Focilla,
783 1874 907 1941 onelios,

248 1964 293 2018 Ne
312 1964 421 2034 perdas
439 1964 566 2020 miseros
583 1964 724 2035 pudendo
744 1968 888 2029 amantea

249 2054 349 2109 Iratos
368 2071 491 2127 quoque
511 2054 692 2126 comprimas
712 2054 833 2120 ocellos,

248 2145 294 2199 Ne
312 2144 420 2215 perdas
439 2145 563 2200 miseros
583 2144 725 2200 minando
744 2150 890 2199 amantes.

247 2235 310 2289 Nec
329 2235 442 2305 sponde
462 2236 568 2290 faciles
587 2235 718 2306 benigna
737 2235 858 2302 ocelloS,

248 2325 293 2379 De
312 2340 365 2395 spe
384 2343 423 2379 ne
442 2325 573 2395 perimas
593 2326 724 2397 benigna
742 2331 887 2380 amantes.

247 2415 309 2470 Nec
328 2414 428 2486 tinges
448 2415 581 2471 lacrimis
600 2416 720 2472 misella
739 2415 861 2480 ocellos

166 2509 168 2514 ’
246 2508 349 2562 Luctu
367 2524 405 2561 ne
423 2507 554 2577 perimas
573 2507 693 2564 misella
711 2512 856 2563 amantea.

247 2595 325 2662 Noli,
346 2596 442 2663 crede,
463 2596 590 2663 Focilla,
612 2598 711 2667 crede,
732 2597 797 2652 noli

246 2687 326 2741 Istos
346 2703 478 2751 exerere,
499 2705 516 2741 o
536 2686 662 2753 Focilla,
684 2687 806 2743 ocellos

245 2775 310 2841 Isti,
331 2774 475 2846 quicquid
495 2783 599 2846 agunt,
618 2777 744 2846 Focilla,
765 2777 856 2833 ocelli

245 2868 322 2920 Sunt
341 2864 489 2934 incendia,
509 2874 589 2932 sunt,
610 2866 728 2923 Focilla
747 2873 912 2933 amantum,

244 2958 359 3021 Funus,
380 2955 478 3022 crede,
498 2955 623 3021 Focilla,
644 2962 716 3012 sunt
735 2961 900 3012 amantum.

585 3191 640 3241 XI.

443 3299 510 3365 AD
535 3297 778 3365 FOOILLAM

478 3404 622 3459 (Bajarum,
638 3404 693 3447 Lib.
704 3403 741 3454 11.)

244 3535 275 3589 Si
294 3535 381 3602 rideS,
402 3541 545 3606 Veneres,
567 3541 691 3605 Focilla,
713 3541 801 3609 rides,

246 3624 275 3680 Si
296 3632 408 3697 cantas,
431 3631 571 3698 Veneres,
592 3629 717 3696 Focilla,
739 3636 852 3694 cantat,
