2498 4012
166 251 218 307 138

215 353 372 426 Quicquid
390 373 480 426 opum
499 352 579 420 hinc,
593 353 739 427 quicquid
752 352 838 409 nobis
851 354 984 410 accessit
997 354 1169 425 honorum,
1247 371 1249 392 ³

216 449 361 503 Vestrum
380 451 427 500 est
442 443 521 515 jure,
541 444 652 499 fi1isset
670 451 717 499 sat
736 443 809 499 mihi
830 462 954 499 cernere
974 463 1085 503 coram

216 538 327 591 Laetos
346 541 439 604 etque
453 533 529 588 meis
548 533 680 602 gaudere
700 533 853 588 laboribus
874 535 990 601 ambos,

214 627 255 680 Et
273 625 430 680 volucrem
448 623 610 695 perhibent
629 622 784 677 inimicam
803 623 941 679 fontibus
960 624 1083 697 hydris,

215 718 290 771 Esse
308 715 389 786 piam
407 730 632 785 memoremque
651 712 829 784 perentibus
848 713 1022 785 indulgere,

215 805 422 877 Invalidisque
445 822 501 858 suo
520 810 637 859 venatu
656 803 781 857 tendere
800 802 904 858 vitam.

218 896 255 949 In
274 902 339 949 tota
358 895 435 948 nihil
456 912 519 949 esse
540 895 629 948 domo
650 911 697 948 me
716 892 805 947 dulce
826 893 945 959 fuisset,

216 986 257 1038 Et
277 990 371 1038 nutus
390 1001 511 1039 servare
531 989 562 1036 et
577 983 663 1053 jussa
682 1000 839 1053 capessere
858 989 962 1036 vestra

212 1072 397 1138 Subiectum,
417 1090 453 1126 ac
472 1071 579 1142 positis
597 1069 741 1127 famulari
759 1070 894 1126 fascibus
912 1070 1009 1126 ultr0.

214 1161 264 1216 Nil
283 1179 426 1232 unquam,
447 1160 506 1215 nisi
526 1178 602 1231 quae
623 1161 735 1216 vestris
754 1160 907 1231 placitura
924 1160 1068 1217 fuissent

214 1250 355 1322 Auribus,
375 1249 459 1304 effari
476 1249 660 1321 potuissem;
681 1267 769 1321 saepe
791 1266 845 1319 ego
864 1248 948 1303 ficto*

214 1338 327 1394 'Pristis
345 1340 492 1394 celassem
511 1337 660 1394 mentitus
679 1339 791 1410 gaudia
809 1338 906 1406 vultu,

214 1428 258 1481 Ne
278 1445 332 1482 vos
351 1425 494 1493 afficeret,
513 1427 613 1498 siquid
632 1445 680 1481 me
701 1433 839 1498 carperet
857 1426 949 1490 intus,

216 1515 368 1587 Quicquid
386 1534 522 1570 amarum
541 1516 572 1570 in
591 1535 640 1572 me
660 1517 810 1583 latuisset,
836 1515 982 1587 quicquid
1008 1519 1164 1575 acerbum.

215 1605 263 1661 Ad
281 1623 333 1660 vos
352 1611 417 1659 arte
437 1605 487 1676 pia
506 1606 690 1661 transissent
709 1605 810 1660 dulcia
829 1611 959 1671 tantum,

216 1693 328 1749 Taedia
345 1711 392 1747 me
411 1700 531 1749 vestrae
553 1695 708 1765 cepissent
726 1695 813 1749 nulle
830 1701 982 1767 senectae,

213 1785 262 1839 Me
282 1801 360 1857 quae
379 1784 477 1838 multa
495 1785 598 1839 solent
617 1785 701 1850 vitia,
722 1791 815 1854 atque
835 1784 1032 1841 incommoda
1052 1785 1087 1842 in
1108 1787 1160 1842 illa

214 1874 288 1928 Esse
307 1878 418 1940 aetate,
438 1890 521 1928 meos
540 1879 681 1943 poterant
701 1880 840 1928 evertere
860 1891 976 1928 sensus.

215 1960 317 2026 Quum
336 1964 460 2030 spueret
478 1967 616 2015 vestrum
634 1960 784 2015 alteruter
801 1961 910 2031 gravis
925 1978 1026 2032 exque
1041 1967 1162 2016 crearet

214 2047 371 2103 Plurimus
391 2055 423 2103 et
442 2067 535 2105 rauca
555 2057 771 2121 conspergeret
789 2050 890 2105 omnia
908 2049 996 2116 tussi,

213 2137 307 2192 Nulla
324 2137 529 2193 horrescentis
548 2139 639 2194 vultu
658 2156 746 2209 asper
765 2138 852 2210 signa
870 2138 1031 2203 dedissem,
1076 2167 1079 2170 ·

214 2225 330 2282 Cuncta
348 2225 459 2291 ferens,
479 2245 534 2282 vos
554 2228 665 2283 aetatis
683 2246 815 2299 namque
833 2234 904 2282 ante
924 2227 1046 2284 tulistis

214 2315 306 2370 Plura
324 2315 479 2371 immunda
497 2333 592 2384 meae,
612 2336 707 2389 quum
726 2318 828 2373 cultus
846 2316 968 2372 nescius
988 2316 1096 2376 infans

215 2406 378 2460 Foederem
397 2407 490 2461 toties
509 2407 541 2461 in
561 2407 648 2463 cunis
667 2408 790 2462 humida
808 2413 912 2462 strata.

218 2495 249 2549 Si
268 2513 326 2567 qua
345 2502 449 2550 autem
467 2496 555 2550 vobis
575 2514 659 2551 casse
677 2504 769 2568 atque
789 2495 945 2550 incondita
964 2497 1071 2564 verba,

215 2584 409 2652 Exciderent,
428 2585 549 2657 quando
569 2605 672 2641 rerum
690 2587 744 2641 illa
763 2592 808 2642 est
827 2586 987 2640 immemor
1007 2593 1107 2656 aetas,

214 2671 358 2727 Riderem
377 2690 511 2743 mecum;
531 2673 632 2728 omnia
650 2693 703 2746 pro
722 2674 891 2745 puerilibus
909 2685 1015 2730 essent

214 2760 345 2816 Lusibus
364 2761 417 2816 illa
436 2760 518 2833 mihi,
539 2781 595 2817 ceu
615 2781 670 2819 vos
689 2763 801 2819 risistis
820 2769 852 2818 et
871 2762 929 2833 ipsi

215 2850 262 2906 Ad
280 2857 403 2906 teneros
421 2852 509 2907 lusus
528 2851 603 2921 nati,
625 2852 865 2925 imperfecteque
885 2851 988 2918 verba,

214 2941 316 3006 Quum
334 2940 446 3012 primas
465 2941 519 2996 vix
539 2940 704 3012 inciperem
723 2942 805 2997 rudis
826 2941 914 2998 edere
934 2958 1036 2997 voces

215 3031 255 3084 Et
273 3031 392 3101 quando
412 3023 487 3084 mihi
507 3029 627 3100 relligio
651 3031 785 3086 sobolem
804 3029 919 3096 abnuit,
939 3031 1030 3085 ambo

217 3127 293 3182 Cara
311 3127 451 3183 fuissetis
470 3127 546 3182 mihi
564 3128 699 3199 pignora,
719 3128 817 3183 dulcis
835 3133 965 3199 uterque

215 3216 277 3270 Ceu
295 3235 379 3287 puer,
399 3217 430 3271 in
449 3225 555 3272 nostra
576 3217 629 3289 qui
647 3236 760 3289 parvus
778 3218 900 3271 luderet
918 3216 999 3273 aule.

216 3303 341 3373 Cuncta,
358 3310 526 3378 utcumque
539 3306 649 3374 forent,
669 3307 744 3360 mihi
756 3306 857 3360 dulcia
869 3313 972 3360 vestra
991 3307 1138 3367 fuissent.

214 3393 336 3463 Infelix,
354 3394 432 3450 caris
451 3396 631 3468 quicumque
652 3396 828 3469 parentibus
841 3397 934 3451 audet

214 3483 297 3536 Dura
314 3484 407 3554 loqui,
427 3494 481 3540 aut
499 3486 582 3541 aliud
600 3486 690 3542 furiis
710 3485 870 3540 immunius
889 3492 979 3543 actus

139 3652 142 3659 Ι
216 3570 335 3645 Moliri;
354 3581 508 3640 extremas
527 3575 559 3632 in
577 3576 684 3644 mundi
703 3575 843 3657 protinus
864 3593 934 3646 orqs
