2498 4012
258 366 305 420 ‘Pu
324 367 424 423 reddis
442 367 555 424 mundo
575 365 717 427 redimita
735 367 868 422 frontem

259 456 398 512 Siderum
417 456 517 526 sertis,
540 456 700 529 reficisque
720 463 806 528 grato

256 546 337 601 Rore
357 545 520 616 perfundes
539 546 677 618 violaria,
699 564 787 619 agros

398 635 549 708 Frugibus
569 635 681 706 exples.

256 727 302 780 Da
319 724 395 780 meis
414 725 514 793 finem,
534 728 599 781 Dea
619 743 737 796 magna,
756 725 838 781 votis

255 816 297 870 Et
315 815 397 887 quod
417 822 558 886 optamus
576 815 671 871 liceat
689 814 788 886 potiri.

258 904 303 959 Ne
322 909 409 961 voret
427 904 526 961 tristis
546 904 669 976 penilus
688 904 835 960 calenteis

396 997 534 1053 Flamma
552 997 710 1053 medullas,

588 1257 648 1307 111.

464 1405 531 1472 AD
554 1405 775 1473 FANNIAM

495 1551 638 1604 (Amorum,
655 1549 712 1595 Lib.
726 1551 753 1604 1.)

145 1715 229 1784 Quid
247 1713 322 1768 mihi
341 1720 403 1767 tam
425 1710 538 1766 multas
558 1709 708 1782 proponis,
728 1709 860 1777 Fannia·
873 1728 986 1781 poenas

182 1806 223 1860 Et
243 1801 328 1874 cupis
345 1801 379 1857 in
397 1800 486 1874 tanti,
506 1800 680 1855 excruciare
701 1798 810 1854 malis?

144 1894 192 1951 Sit
210 1892 285 1949 sabis
304 1890 458 1946 interdum
476 1888 620 1960 gravibus
638 1904 686 1941 me
706 1886 838 1958 affligere
859 1890 961 1945 verbis

180 1985 222 2038 Ee
241 1981 385 2037 miserum
404 1979 440 2034 de
456 1995 503 2033 me
523 1994 643 2033 sumere
665 1976 857 2047 supplicium.

143 2074 214 2143 Non
233 2089 287 2144 ego
306 2069 468 2127 servitium
485 2067 624 2123 dominae
646 2072 709 2122 lam
727 2067 801 2122 mite
820 2084 934 2124 recuso.

181 2159 230 2214 Ah
248 2165 354 2229 pereat
372 2159 468 2230 siquis
487 2158 613 2216 vincula
633 2164 665 2213 et
682 2158 747 2228 ipsa
767 2159 870 2214 timet!

144 2247 326 2305 Luminibus
346 2248 398 2304 sed
416 2249 493 2303 dura
511 2266 558 2302 me
580 2255 609 2303 te
632 2248 786 2304 subtrahis
804 2256 837 2304 et
856 2268 903 2305 me

181 2338 326 2394 Excludii
344 2337 444 2409 posita
464 2339 569 2394 clausa
588 2339 726 2394 feneslra
745 2356 822 2393 sera.

143 2427 204 2484 Sed
223 2444 378 2498 nunquam
395 2428 484 2498 potui
504 2427 635 2483 lacrimis
654 2435 709 2483 aut
727 2428 851 2486 fletibus
870 2432 943 2488 ullis

180 2516 307 2573 Efficere
321 2525 357 2574 ut
376 2517 462 2573 nobis
481 2516 584 2573 mitior
604 2518 671 2589 ipsa
688 2518 780 2573 fores.

143 2609 191 2664 An
214 2607 285 2676 quia
304 2614 334 2662 te
355 2607 504 2662 ademeris
523 2607 618 2662 dilexi
636 2608 756 2678 puriter
774 2607 870 2676 annis,

178 2697 246 2751 Hoc
264 2695 377 2751 meruit
395 2697 431 2752 de
451 2703 482 2753 te
501 2698 614 2769 perfida
633 2699 744 2769 longus
764 2699 870 2753 amor?

141 2787 225 2854 Quid
244 2786 269 2841 si
287 2803 334 2839 me
352 2786 477 2842 alterius
498 2788 671 2860 coepissent
689 2788 826 2843 lumina?
846 2789 918 2860 quid
937 2791 964 2845 si

177 2874 286 2930 Altera
304 2873 336 2928 in
354 2875 512 2946 amplexus
532 2876 606 2932 isset
627 2877 724 2931 amica
743 2879 850 2933 meos?

138 2963 208 3018 Hoc
226 2962 333 3019 nocuit
351 2963 461 3019 misero
481 2966 611 3022 servisse
632 2967 767 3023 fideliter
786 2968 850 3035 uni,

119 3085 124 3093 ·
177 3053 245 3108 Hoc
264 3053 370 3108 nocuit
388 3060 476 3110 tanta
495 3074 614 3127 semper
634 3074 749 3112 amasse
769 3057 836 3112 fide.

141 3144 168 3197 Ο
187 3149 274 3214 peret
293 3143 475 3217 quicumque
496 3146 571 3200 colit
590 3152 771 3217 tenerasque
791 3148 917 3218 puellas,

178 3233 219 3286 Et
237 3231 330 3287 durae
349 3234 488 3306 sequitur
507 3234 649 3288 militiam
668 3234 805 3291 Veneris.

141 3325 184 3378 Et
202 3323 276 3377 mihi
294 3323 320 3379 si
337 3325 464 3397 posthac
483 3326 577 3381 fuerit
596 3342 673 3398 quae
691 3326 790 3398 gratia
808 3337 911 3388 tecum

178 3413 336 3470 Dilanieni
354 3414 435 3471 avidi
454 3422 521 3470 tum
539 3433 607 3470 mea
626 3418 760 3473 membra
778 3420 851 3491 lupi.

142 3502 221 3558 'lum
239 3523 307 3561 mea
325 3507 459 3560 membra
477 3506 566 3562 avido
586 3507 759 3577 discerpant
776 3516 901 3580 gutture
921 3513 1012 3582 corvi,

179 3593 393 3670 Effodiantque
413 3599 526 3666 oculos,
547 3598 601 3671 qui
618 3598 693 3652 mihi
706 3615 798 3665 causa
817 3604 897 3660 mali.
