2498 4012
332 1167 594 1246 IPPOLI'PO
621 1166 907 1250 CAPILUPI.

191 1379 321 1455 Nacque
350 1405 368 1442 c
394 1379 545 1439 Mentove
569 1379 620 1439 uel
643 1381 730 1439 1511.
772 1379 822 1439 Fu
848 1387 1037 1459 aegrotario
1064 1385 1111 1446 del

133 1469 299 1530 Cardinale
320 1470 471 1530 Ercolee
500 1471 532 1529 di
552 1471 704 1530 Ferrante
728 1470 887 1548 comaga,
917 1475 965 1534 da
986 1478 1049 1537 Pio
1069 1476 1110 1537 IV

132 1562 167 1621 fu
187 1570 290 1622 creato
312 1583 448 1624 vescovo
477 1565 508 1623 di
529 1565 617 1623 Fano
637 1564 688 1641 poi
708 1563 831 1624 invicto
853 1585 963 1628 messe
988 1577 1110 1649 aposto·

131 1656 192 1716 lico
219 1677 238 1715 a
258 1655 404 1716 Venezic.
436 1658 517 1717 Mori
544 1658 577 1716 in
605 1657 705 1716 Rome
725 1657 891 1720 ne11580.

173 1817 272 1869 Geom-
290 1819 331 1868 De
346 1818 440 1882 script.
457 1834 512 1868 oon
527 1819 587 1868 cccl.
596 1839 606 1883 ;
624 1819 666 1868 P.·
683 1835 701 1882 ι,
718 1833 744 1883 p.
761 1817 817 1869 110.

603 2133 631 2185 Ι.
672 2180 674 2184 .

461 2268 526 2336 AD
550 2267 767 2335 LYOORIM

496 2395 659 2450 (carminum
673 2393 738 2446 Lib.)

216 2553 352 2608 Aethera
369 2555 415 2608 sol
433 2553 538 2624 rapido
557 2570 739 2624 percurrens
756 2570 869 2608 eureus
890 2572 959 2622 exe,

251 2643 354 2697 Horae
372 2652 527 2698 momento
546 2643 658 2715 datque
675 2641 840 2714 adimitque
861 2642 956 2700 diem.

217 2732 262 2786 Tu
282 2749 338 2786 nos
357 2731 473 2803 argutis
492 2749 674 2803 percurrens
694 2749 787 2787 aurea
806 2731 923 2806 ocellis,

250 2823 352 2876 Horae
371 2830 523 2877 momento
543 2821 655 2894 dasque
676 2820 842 2892 adimisque
860 2821 954 2878 diem.

214 2912 295 2968 Hinc
314 2930 347 2967 se
366 2911 489 2966 felicem
507 2912 591 2985 dicit,
612 2930 702 2984 quem
720 2911 836 2966 lumine
853 2911 984 2982 lustrem

249 3001 349 3068 Quem
367 3000 486 3071 spolias,
507 3000 593 3054 miris
612 3018 644 3055 ee
664 3000 809 3056 miserum
827 3017 895 3055 esse
916 3004 1031 3061 modis.

214 3090 265 3146 Sol
284 3089 385 3146 varios
402 3089 494 3145 flores
514 3108 529 3145 e
549 3089 642 3160 pratis
662 3089 755 3156 elicit,
775 3096 807 3144 et
824 3095 861 3144 tu

250 3179 378 3234 Divinos
397 3195 507 3235 sensus
527 3179 613 3234 elicis
632 3197 672 3234 ex
690 3177 807 3233 animle.

214 3269 301 3324 Inter
319 3267 454 3324 sidereos
472 3285 552 3323 unus
571 3269 617 3324 sol
636 3267 734 3322 enitet
752 3267 846 3338 ignee,

248 3358 336 3412 Inter
353 3354 507 3426 virgineos
525 3364 561 3412 tu
579 3373 701 3429 quoque
719 3356 785 3412 sola
804 3356 922 3415 choree.

214 3445 295 3515 Ergo
314 3444 379 3511 tibi,
397 3451 430 3500 et
449 3444 506 3501 soli
525 3447 625 3517 siper
644 3462 789 3500 concessa
806 3452 958 3517 potestas,

249 3534 301 3589 Sol
319 3535 399 3588 aller
417 3534 513 3601 nobie,
533 3536 661 3606 pulchra
679 3533 813 3608 Lycorm‚
834 3534 904 3592 eris.
