2498 4012
131 273 168 327 82

149 378 207 433 Sed
227 377 301 432 milri
320 377 424 432 nescio
443 376 512 449 quis
532 376 668 432 narravit
686 394 779 449 saepe
799 381 966 439 tumultus

184 466 366 538 Miscerique
384 483 477 521 neces
495 484 550 537 per
568 466 636 521 fora
653 483 767 538 perque
786 468 866 536 vias,

149 556 225 611 Cum
244 555 349 626 populi
367 573 436 626 pars
454 555 530 609 haec
549 558 671 621 Ursum,
690 573 762 626 pars
780 556 839 613 illa
857 559 1053 617 Columnam

184 648 320 716 Invocat,
339 654 372 700 01
391 645 510 715 trepida
529 645 656 717 corripit
674 664 759 700 arma
777 666 886 705 manu.

148 739 193 793 Ne
213 744 256 801 tu,
276 754 312 791 ne
334 753 447 808 quaeso
467 736 563 791 tantis
582 743 613 791 te
633 735 764 792 immitte
785 739 918 810 periclis

184 830 237 883 Sat
258 826 314 881 tibi
334 827 374 881 sit
394 835 463 882 tuto
482 844 570 897 posse
592 827 692 883 redire
710 828 848 887 domum.

148 920 262 973 Romae
282 917 376 973 etiarn
395 917 477 972 farne
496 926 542 973 est
562 918 662 973 cultas
680 918 820 975 habitare
840 922 979 991 puellas,

183 1008 241 1064 Sed
260 1026 338 1081 cquae
358 1008 473 1062 lascivo
493 1008 627 1079 turpiter
647 1008 716 1080 igne
736 1008 851 1066 calent.

148 1100 215 1155 Illis
233 1100 352 1155 venalis
371 1100 469 1153 sonna
489 1106 544 1163 est,
566 1117 744 1170 corpusque.
763 1100 949 1173 pudorque3

183 1189 241 1245 His
260 1197 295 1244 tu
314 1188 471 1244 blanditiis
490 1206 528 1242 110
549 1188 678 1259 capiare,
698 1207 782 1245 cave.

147 1280 205 1334 Sed
224 1280 283 1335 nisi
298 1279 361 1349 jain
381 1286 504 1349 captum
524 1278 634 1333 blanda
653 1278 729 1333 haec
749 1286 779 1334 te
800 1277 912 1336 vincla
933 1288 1091 1349 tenerent,

183 1371 383 1441 Γ1111101111ιο
403 1370 510 1423 absens
530 1386 592 1422 non
610 1375 749 1439 paterere
769 1385 881 1425 moras

146 1461 224 1515 Nam
243 1459 376 1529 memini,
397 1477 465 1514 cum
486 1466 515 1512 te
537 1458 643 1513 vivum
658 1458 761 1530 jurare
780 1460 909 1517 solebas

182 1552 249 1605 Non
269 1570 327 1618 me,
347 1551 374 1605 si
394 1548 505 1621 cupias,
525 1566 612 1620 posse
631 1566 731 1604 carere
751 1548 814 1604 diu.

146 1640 240 1706 Viris¹
261 1640 416 1711 Castilion,
437 1638 584 1710 vivasque
603 1639 733 1701 bestiae,
751 1645 833 1710 opto,

181 1732 243 1785 Nec
262 1730 320 1785 tibi
335 1730 398 1801 jam
416 1729 527 1783 durnin
546 1736 594 1783 est
612 1747 660 1782 me
681 1727 816 1785 caruisse
834 1731 901 1787 diu.

147 1819 206 1874 Cur
226 1825 280 1874 tua
298 1827 417 1874 mutata
437 1827 484 1873 est
503 1818 598 1889 igitur
616 1818 722 1874 mens?
743 1836 797 1874 eur
815 1820 903 1890 prior
922 1823 990 1894 ille,

181 1908 239 1963 llle
259 1915 313 1963 tuo
332 1910 430 1964 nostri
450 1910 539 1965 corde
560 1908 682 1965 refrixit
700 1908 806 1964 amor?

145 1999 206 2054 Gur
224 1999 282 2054 tibi
300 2019 381 2054 nuuc
402 2001 508 2056 videor
527 2000 606 2064 vilis,
626 2018 693 2069 nec,
713 2005 750 2055 ut
768 2006 841 2055 11110
859 2002 1018 2081 solebam,

180 2089 287 2161 Digna,
307 2091 367 2145 1011
386 2091 500 2146 sociam
520 2109 611 2161 quam
629 2088 745 2161 patiare
765 2090 835 2144 tui?
1013 2096 1015 2101 '

143 2179 267 2236 Scilicet
285 2181 316 2235 in
336 2187 446 2237 ventos
464 2181 613 2252 promissa
631 2180 740 2245 abiere,
760 2178 914 2252 fidesque,

180 2274 207 2327 A
226 2271 338 2327 nostris
357 2272 449 2327 simul
468 2291 504 2327 ac
524 2272 622 2328 vestri
640 2271 742 2326 abiere
763 2270 856 2326 oculi

144 2362 185 2415 Et
203 2361 260 2416 tibi
279 2380 361 2416 nunc
380 2362 482 2418 forsan
502 2366 637 2418 subeunt
655 2360 778 2417 fastidia
795 2362 907 2431 nostri,

178 2454 219 2507 Et
238 2470 329 2524 grave
345 2452 408 2523 jam
426 2454 604 2526 Hippolytis
623 2470 734 2508 nomen
751 2451 784 2506 in
802 2470 877 2509 aure
898 2461 959 2511 tua
979 2465 1038 2515 est

144 2543 258 2598 Verum
276 2549 313 2598 ut
331 2562 379 2599 me
399 2543 507 2616 fugias
527 2543 657 2615 patriam
676 2543 757 2615 fugis
775 2541 936 2614 improbe?
957 2558 1065 2607 necte

179 2633 256 2688 Cara
273 2652 389 2705 parens,
409 2635 476 2689 nati
494 2653 551 2690 nec
570 2634 620 2704 pia
640 2652 714 2688 cura
732 2633 840 2688 tenet?

144 2721 224 2788 Quid
243 2725 374 2794 queror?
394 2743 432 2780 en
450 2731 505 2779 tua
523 2723 670 2780 scribenti
689 2723 763 2778 mihi
780 2722 917 2794 epistola
934 2730 1038 2799 venit,

178 2812 272 2866 Grata
291 2812 421 2884 quidem,
441 2813 533 2870 dictis
552 2813 579 2868 si
598 2814 686 2868 modo
708 2819 792 2869 certa
810 2812 907 2888 fides3

143 2903 184 2957 Te
205 2904 303 2959 nostri
322 2903 473 2959 desiderio
492 2904 647 2974 languere,
668 2904 839 2975 pedemque

178 2992 409 3063 Quamprimum
428 2995 465 3048 ad
484 2994 600 3064 patrios
619 2994 699 3048 velle
720 2992 833 3048 referre
855 2993 951 3066 lares,

142 3083 350 3154 Torqueriqne
372 3102 463 3150 mora,
482 3087 536 3140 sed
555 3081 659 3153 Magni
672 3082 759 3153 jussa
776 3083 892 3141 Leonis

177 3172 363 3227 Jamdudum
382 3173 501 3231 reditus
519 3173 686 3230 detinuisse
707 3180 788 3230 tuos.

140 3259 198 3314 His
216 3277 272 3331 ego
291 3261 444 3331 perlectis,
464 3263 508 3319 sic
528 3265 566 3319 ad
585 3270 640 3318 tua
660 3263 752 3319 verba
771 3264 881 3332 revixi,

177 3351 307 3421 Surgere
325 3359 362 3406 ut
379 3353 506 3409 aestivis
525 3352 672 3409 imbribus
691 3354 785 3409 herba
802 3355 895 3413 solet.

142 3438 226 3503 Quae
246 3437 320 3494 licet
339 3457 377 3495 ex
396 3448 463 3497 toto
482 3462 544 3498 non
563 3443 661 3499 ausim
680 3443 874 3521 1011111011,
936 3505 938 3509 ,

176 3528 415 3603 Qualiscumque
436 3538 539 3588 tamen
559 3534 741 3590 credulitate
756 3533 877 3606 juvant.
