2498 4012
202 228 256 290 114

217 339 285 394 Non
303 355 381 410 opus
398 343 447 394 est
464 351 571 408 armes,
591 333 692 397 veluti
711 333 817 396 Thetis
835 332 943 410 ultera,
964 346 1090 416 uatum

253 428 307 483 Sat
325 428 410 484 valet
427 427 489 499 ille,
508 427 555 482 tui
573 429 654 500 quod
672 429 764 485 ‹lecus
782 428 843 485 oris
860 429 966 487 babet.

216 515 355 571 Hostiles
374 515 458 570 ultro
476 515 604 570 venient
621 517 679 571 sub
693 516 765 588 jura
782 516 923 573 cohortes

252 602 463 674 Subiectisque
481 602 568 658 labor
585 620 709 674 parcere
727 603 826 675 major
843 604 911 661 erit.

216 694 385 748 Fortunate
403 709 487 763 puer,
506 697 655 764 quantum
674 692 730 748 tibi
748 692 812 748 fata
830 693 996 751 dederunt!

251 781 352 837 Fulsit
370 781 402 835 in
420 787 546 837 exortus
564 781 655 837 stella
675 781 805 854 benigna
824 790 903 839 tuos.

217 870 316 925 Multa
335 868 457 941 quidem
475 868 599 940 Superis
617 869 717 939 (lebes,
735 872 805 943 plus
823 871 880 927 hoc
899 876 1005 930 tamen
1025 893 1140 935 unum.

251 958 339 1026 Quod
359 964 422 1013 tam
440 975 510 1012 rara
525 956 582 1013 tibi
600 958 731 1030 contigit
746 977 813 1015 esse
830 976 949 1031 parens.

214 1048 323 1106 Altera
340 1064 402 1101 non
424 1046 527 1117 potuit
544 1054 577 1103 te
595 1046 675 1102 ferre
695 1047 814 1103 beatior
831 1049 928 1118 alvus,

249 1136 317 1191 Nou
336 1134 393 1190 tibi
411 1135 438 1191 ai
456 1141 562 1204 mater,
582 1142 681 1190 mater
698 1135 820 1192 Amoris
838 1141 913 1192 erat.

216 1226 295 1282 Solis
314 1225 351 1281 ab
370 1242 488 1293 occasu,
508 1223 587 1280 Solis
604 1230 777 1296 spectamus
794 1225 832 1281 ad
852 1232 963 1295 ortum,

251 1315 315 1371 Nec
333 1321 436 1370 tamen
456 1313 528 1369 huic
546 1319 614 1369 toto
632 1313 784 1369 ceruimus
803 1315 873 1370 orbe
893 1333 1008 1387 parem.

219 1403 293 1460 Plus
312 1402 424 1476 Lybies
441 1401 556 1473 spoliis,
575 1401 739 1475 spoliisque
759 1403 894 1460 Orientis
913 1409 945 1460 et
964 1407 1068 1476 Arcti,

248 1491 367 1562 Borgia,
387 1491 484 1546 natali
502 1492 601 1546 Roma
618 1492 749 1562 superba
767 1498 822 1547 tuo
840 1499 898 1548 est.

214 1576 278 1631 Nec
296 1575 371 1631 sinit
387 1575 445 1631 hoc
464 1576 599 1631 tumidos
617 1575 676 1631 sibi
694 1593 841 1648 quaerere
860 1594 973 1633 nomen
992 1579 1115 1652 Iberos,

248 1663 366 1720 Setabis
384 1672 420 1721 ut
439 1664 549 1721 vestris
568 1666 632 1720 alta
650 1665 788 1737 superbit
805 1666 879 1723 avis

214 1754 354 1823 Romule,
374 1753 425 1809 cui
443 1760 559 1823 tantam
578 1759 705 1826 septeno
723 1754 756 1809 in
774 1755 891 1811 vertice
910 1757 1027 1813 molem

250 1843 386 1899 Condere
404 1842 490 1898 felici
507 1842 572 1898 fata
591 1843 699 1899 dedere
719 1862 820 1915 mauu,

214 1932 302 1987 Nunc
321 1932 405 2003 operi
421 1938 542 2002 gratare
561 1940 625 2001 tuo,
643 1951 726 1989 nuuc
744 1934 838 1991 Silvia
856 1953 922 1992 sese

249 2017 355 2072 Jactet
374 2023 406 2071 et
421 2016 513 2071 altori
530 2017 662 2088 gaudeat
679 2020 763 2074 Acca
780 2018 858 2075 siun

214 2105 312 2172 Quale
331 2104 424 2160 decus
437 2112 548 2174 vestra,
567 2111 716 2176 quantum
730 2106 819 2178 jubar
839 2108 903 2163 exit
921 2109 960 2164 ab
978 2113 1075 2170 urbe!

248 2194 315 2249 Non
334 2211 419 2265 mage
438 2193 556 2249 nutrito
575 2194 666 2251 Creta
684 2195 810 2251 colenda
828 2197 908 2253 Jove
927 2205 986 2253 est.

212 2282 293 2337 Hinc
312 2298 382 2336 reor
398 2282 567 2338 Arcadibus
585 2283 781 2340 memorabile
800 2286 995 2343 Pallanteum

249 2371 449 2442 Thespiaden,
467 2373 570 2443 magni
587 2391 661 2429 voce
682 2374 815 2445 aperisse
833 2375 899 2431 Dei.

213 2459 368 2515 Fatidicae
388 2460 485 2532 magis
504 2460 632 2516 emicuit
651 2463 796 2518 Lucretia
814 2464 893 2534 Vati,

253 2549 352 2614 Quam
370 2555 419 2605 tot
436 2551 457 2606 J
459 2548 547 2605 uleae
568 2550 650 2604 clara
668 2551 815 2622 trophaea
833 2554 951 2609 domus·

213 2636 302 2692 Nunc
319 2638 422 2709 potuit
440 2643 544 2693 tantus
563 2655 647 2694 seros
665 2637 800 2696 oriturus
818 2641 850 2696 in
869 2660 964 2699 annos

247 2725 388 2781 Praescia
406 2726 530 2782 venturi
549 2726 638 2782 corda
657 2728 753 2783 latere
771 2729 862 2787 nitor.

213 2816 256 2872 Ut
274 2816 350 2871 licet
369 2823 504 2871 extremo
523 2823 646 2872 maneat
663 2818 715 2872 Sol
733 2818 854 2875 abditus
872 2822 952 2890 orbe,

248 2905 340 2959 Astra
356 2910 460 2959 tamen
478 2903 555 2960 radii
573 2904 659 2976 signa
677 2905 801 2962 latentis
819 2907 940 2962 habent.

210 2991 269 3047 Hic
288 2993 394 3048 deerat
413 2998 534 3048 tantum
552 2993 654 3049 decori
672 2994 832 3067 famaeque
853 2994 986 3063 futurae,

245 3082 290 3138 Ut
307 3100 429 3152 pareres
447 3088 578 3151 nostros,
599 3083 710 3154 Borgia
729 3084 807 3152 diva,
826 3087 915 3140 Deos.

210 3169 295 3236 Quod
313 3169 374 3226 init
392 3171 425 3227 in
443 3171 533 3243 votis,
552 3172 685 3228 numeris
703 3172 876 3245 ingentibus
901 3172 1018 3247 imples.

245 3260 374 3315 Munera
392 3267 465 3316 sunt
483 3260 564 3316 uteri
582 3279 658 3330 sera,
678 3261 730 3316 sed
748 3261 849 3332 ampla
866 3261 921 3318 tui.

211 3348 328 3416 Cresco,
347 3351 445 3402 Deum
464 3350 590 3421 soboles,
609 3356 642 3405 et
660 3350 711 3406 avi
729 3350 889 3406 benefacta
907 3353 1028 3423 paterni

245 3435 395 3513 Herculis,
414 3442 451 3493 ut
468 3455 554 3494 sacro
573 3455 683 3495 nomen
702 3439 739 3495 ab
758 3455 855 3509 amne,
873 3439 963 3500 refer.
