2498 4012
537 431 606 483 VII.

257 581 322 648 AD
346 579 642 647 ADRIADNAM
665 577 871 645 UXOREM

439 719 580 776 (Bajarum,
596 720 651 765 Lib.
666 719 693 771 ι.)

237 908 330 974 Uxor,
349 907 478 963 deliciae
499 906 581 963 senis
602 905 713 975 mariti,

235 998 277 1051 Et
296 996 374 1052 casti
387 996 515 1051 thalami
532 995 608 1050 fidas
626 1012 778 1066 amorque,

234 1087 294 1140 Per
313 1091 344 1140 te
361 1087 410 1142 vel
428 1084 535 1142 viridis
554 1083 627 1138 mihi
646 1090 772 1139 senecta
791 1089 847 1153 est,

238 1176 336 1243 Quem
349 1192 440 1229 curae
459 1173 585 1245 fugiunt
603 1189 708 1228 senem
726 1173 848 1240 seniles,

237 1263 298 1330 Qui
311 1281 410 1319 seram
428 1280 539 1334 supero
559 1279 652 1317 senex
670 1269 827 1318 senectam

235 1355 276 1408 Et
295 1370 399 1417 canus,
420 1352 566 1406 iuvenum
586 1369 661 1406 cano
679 1351 806 1407 furores¹

235 1443 292 1498 Sed
310 1449 457 1511 tanquam
475 1441 580 1496 redeat
598 1441 681 1496 calor
696 1439 845 1511 juventae

235 1532 276 1587 Et
294 1531 431 1586 siscura
449 1547 557 1585 recens
577 1547 722 1601 amorque
741 1529 857 1601 primus

237 1623 277 1676 Et
295 1620 407 1692 primas
425 1620 512 1674 furor
531 1619 723 1690 impetusque
741 1637 852 1677 saevus

236 1711 389 1783 Antiquos
408 1711 478 1765 volo
500 1708 650 1764 suscitare
670 1708 814 1765 flammas,

236 1800 340 1866 Qualis
359 1797 498 1854 floridulo
517 1797 619 1853 nitens
638 1797 670 1851 in
689 1798 777 1853 horto

236 1889 377 1944 Nondum
395 1886 541 1959 puniceas
561 1903 660 1941 comas
679 1887 816 1955 reclusit,

239 1980 281 2034 Et
299 1977 361 2032 iam
379 1975 526 2048 puniceas
546 1991 646 2029 comas
665 1976 807 2043 recludit,

238 2070 283 2124 Ac
301 2083 404 2121 rarum
423 2065 516 2119 decus
529 2063 680 2134 explicare
699 2064 819 2136 quaerit

237 2158 322 2224 Quae
342 2157 423 2210 laeto
443 2171 512 2209 rosa
530 2153 647 2208 ramulo
666 2152 809 2225 refulget,

239 2245 322 2301 'Palis
340 2243 501 2315 purpureis
518 2243 604 2314 genis
626 2248 658 2297 et
676 2261 727 2299 ore

237 2335 282 2392 Ut
301 2349 378 2406 quae
396 2351 457 2387 non
476 2337 615 2387 tenerum
636 2331 721 2402 cupit
740 2332 891 2399 maritum,

236 2424 293 2479 Sed
309 2422 450 2495 jamjam
469 2427 611 2477 tenerum
628 2423 713 2494 cupit
731 2422 884 2488 maritum,

236 2511 293 2569 Oui
311 2510 408 2583 prima
426 2511 532 2567 oscula
549 2510 676 2578 dedicet,
695 2528 844 2582 suumque

234 2601 357 2656 Florem
375 2599 505 2672 virginei
524 2600 605 2655 dicet
623 2600 755 2671 pudoris

237 2689 397 2761 Suspirans
416 2688 508 2745 viduo
524 2689 628 2760 puella
646 2689 736 2754 lecto,

237 2779 389 2850 Fulgebas
409 2778 491 2845 mihi,
510 2779 717 2851 primulosque
737 2796 855 2833 amores

238 2869 378 2941 Spirabas
397 2868 496 2924 oculis
516 2867 647 2940 sinuque
666 2868 777 2923 blando

239 2959 370 3015 Afflabas
387 2960 522 3014 Arabum
542 2975 613 3013 suos
633 2957 749 3022 odores,

237 3047 398 3103 Fundebas
418 3045 575 3102 Charitum
594 3062 666 3101 suos
683 3045 824 3113 honores,

239 3138 280 3194 Et
298 3139 417 3193 laetum
436 3135 564 3192 Gnidiae
583 3122 658 3189 deae
677 3134 816 3189 nitorem.

237 3228 343 3293 Qualis
363 3226 514 3298 fulgidulo
533 3225 653 3280 renidet
672 3242 722 3279 ore

237 3318 321 3383 Quae
343 3334 418 3371 cano
438 3314 561 3371 vehitur
578 3315 688 3369 decora
708 3331 804 3386 cycno

237 3407 312 3461 Cum
332 3405 460 3475 compsit
479 3409 570 3473 caput
589 3409 620 3457 et
633 3420 718 3456 coma
736 3419 847 3472 repexa

237 3494 379 3550 Procedit
398 3494 540 3562 thalamo,
560 3510 714 3565 novosque
728 3509 854 3562 amores,

236 3584 276 3640 Et
293 3603 389 3642 novas
407 3591 495 3657 parat
514 3583 646 3639 excitare
667 3582 811 3654 flammas,
