2572 4020
204 231 240 287 90

217 339 276 394 illa
295 343 399 393 entem
417 337 449 393 in
468 338 613 410 Dyrrham
631 344 731 395 totum
746 337 822 411 jacit
840 356 948 410 agmen
966 357 1115 411 equarum

251 430 304 483 Et:
324 429 443 496 Munus
464 426 550 495 dixit,
570 427 630 481 hoc
649 426 774 498 pietatis
794 427 881 482 habe.

217 519 296 574 'Pum
313 518 403 573 docta
421 519 596 590 Eurymene
618 521 774 571 certamen
793 517 883 572 triste
904 515 1042 573 diremit:

249 609 330 662 Dum
347 605 470 675 dirimit,
490 604 601 676 pressit
618 604 701 660 fluxa
719 605 808 660 ruina
827 624 936 675 comas,

216 695 403 767 Disiecitque
422 713 526 750 omnes
544 694 667 750 sublimi
685 714 703 749 a
721 694 837 750 vertice
858 696 965 752 crines.

251 784 396 841 Disiectis
416 785 528 858 Aquilo
549 785 658 841 suavia
677 784 762 840 mille
781 783 874 840 dedit.

216 875 418 948 Concitatque
437 877 610 947 Eurymene
629 893 711 929 nunc
724 875 810 944 hanc,
829 893 910 930 nunc
929 882 1076 946 provocat
1089 875 1188 944 illam,

250 967 350 1037 Atque
371 966 498 1033 hostem,
518 964 661 1035 quoniam
680 965 786 1034 nescit,
805 965 919 1038 ubique
937 972 1034 1037 putat.

220 1057 284 1110 Nec
303 1055 404 1109 minus
423 1055 547 1110 Aedone
567 1054 668 1125 proles
687 1072 835 1123 generosa
853 1055 1004 1128 Calypeus

253 1145 405 1199 Deturbat
424 1143 497 1213 olio,
519 1142 596 1198 olam
614 1145 691 1215 pede
711 1144 816 1199 adorta
835 1146 951 1216 pedem.

215 1236 297 1307 Nysa
316 1236 398 1290 inter
416 1235 550 1306 Oorylos,
570 1234 651 1288 inter
671 1240 804 1305 myrteta
824 1235 959 1306 Lycoris

252 1325 289 1380 Se
309 1324 448 1380 Nemesis
467 1324 563 1392 lauro,
584 1342 616 1378 se
638 1324 731 1378 salice
750 1325 834 1397 Hyla
852 1324 939 1396 tegit.

216 1415 319 1483 Atque
339 1415 441 1468 locum
460 1420 569 1468 nactae
588 1414 677 1468 modo
702 1414 735 1468 in
753 1414 831 1470 hanc
846 1413 1022 1485 jaculantur
1045 1418 1077 1467 et
1096 1413 1184 1467 illam

253 1505 293 1557 Et
307 1501 426 1574 jaciunt
444 1501 559 1570 furtim,
579 1521 673 1572 seque
691 1504 801 1559 deinde
821 1509 936 1575 tegunt.

217 1595 297 1647 Dum
314 1592 397 1648 socia
414 1593 551 1664 Dryades
570 1594 693 1649 arbusta
711 1593 852 1665 indagine
873 1591 1008 1664 cingunt,

252 1684 353 1751 Atque
374 1683 444 1738 illas
462 1682 587 1738 latebris
606 1683 769 1739 devoluere
789 1683 861 1751 suis,

127 1769 128 1772 '
217 1773 259 1828 At
277 1778 351 1826 tunc
369 1771 529 1842 praecipiti
548 1779 751 1844 prorumpunt
771 1772 890 1843 agmine
909 1770 1069 1843 nymphae,

254 1862 354 1932 Atque
375 1879 480 1916 omnes
499 1878 625 1932 propere
648 1869 773 1917 mutuus
792 1862 881 1916 ardor
899 1861 1004 1916 habet:

218 1950 320 2020 Hybla
340 1950 451 2018 Thoen,
478 1951 652 2006 Charitessa
671 1951 795 2019 Nedum,
820 1952 935 2023 Lydam
954 1949 1069 2020 appetit
1087 1948 1186 2018 Aegle

254 2042 294 2094 Et
312 2046 381 2110 post
399 2058 431 2095 se
452 2040 577 2111 longum
598 2040 753 2108 quaelibet
772 2058 880 2111 agmen
898 2039 969 2110 agit.

218 2131 370 2188 Certatim
389 2131 522 2202 fugiunt,
542 2129 683 2186 certatim
702 2129 810 2184 deinde
831 2136 1002 2201 sequuntur

252 2221 441 2291 Alternoque
462 2226 552 2283 errat,
563 2222 682 2275 Laurea
701 2219 845 2292 utrinque
865 2219 969 2290 gradu.

217 2312 296 2365 Ecce
316 2309 401 2364 vides
420 2310 525 2378 victas,
546 2311 633 2364 modo
654 2328 728 2380 quas
747 2310 855 2366 vicisse
877 2314 1008 2378 putaras

253 2401 317 2455 Nec
335 2418 400 2455 sors
418 2417 481 2454 una
500 2407 613 2469 manet,
634 2419 691 2455 nec
711 2406 815 2454 manet
833 2418 913 2455 unus
932 2399 1040 2467 honor3

217 2495 359 2560 Dumque
379 2490 423 2545 ito
441 2491 609 2559 decertant,
631 2492 704 2545 dum
723 2490 843 2546 ludicra
861 2489 976 2561 praelia
995 2487 1134 2559 miscent,

252 2579 375 2634 Misceri
394 2579 556 2634 audierunt
576 2599 662 2635 omne
683 2580 803 2651 fragore
823 2597 939 2635 nemus.

216 2669 362 2725 Protinus
381 2687 522 2724 arrexere
542 2687 638 2737 aures,
658 2674 749 2738 atque
771 2667 872 2722 omnia
890 2669 1031 2735 lustrant,

252 2759 481 2830 Congestaeque
501 2777 592 2814 manu
611 2759 799 2828 procubuere
819 2757 913 2813 nives

141 2850 146 2861 “
216 2850 295 2904 Ecce
316 2848 505 2903 adsultantes
523 2853 643 2918 satyros
662 2849 698 2901 de
717 2847 835 2902 vertice
855 2847 976 2915 montis,

253 2930 354 3008 Atque
372 2937 485 2992 hilares
504 2938 602 2992 Panes
620 2936 797 3008 prosiluisse
816 2936 931 2991 vident.

218 3031 280 3085 Neo
299 3047 383 3082 mora
401 3029 513 3083 festino
534 3027 727 3098 complerunt
746 3026 847 3081 omnia
866 3044 958 3080 cursu

253 3118 292 3171 Et
311 3117 422 3188 raptim
440 3117 607 3172 instructos
625 3117 783 3170 deseruere
803 3116 919 3171 choros.

218 3207 295 3261 Tum
314 3224 404 3277 rupes
423 3225 550 3278 propere
571 3212 600 3260 et
619 3205 725 3260 solitos
744 3205 860 3275 petiere
880 3223 1017 3261 recessus

254 3296 295 3348 Et
316 3295 449 3365 trepidae
468 3296 594 3351 latebris
611 3295 761 3351 delituere
782 3295 853 3351 suis.

615 3495 773 3504 ————--
