2498 4012
1061 287 1097 342 43

135 378 259 446 ¹Candor
278 396 345 446 erat
363 389 447 447 dulci
466 390 600 447 suffusus
618 391 775 464 sanguine,
796 391 919 464 qualem

171 478 251 536 Alba
270 477 375 534 ferunt
393 479 492 536 rubris
511 479 577 535 lilia
596 480 692 536 mixta
710 480 794 537 rosis.

137 568 183 625 Ut
200 565 333 623 nitidum
351 568 426 624 laeti
445 568 605 625 radiabant
623 568 707 625 sidus
727 568 825 636 ocelli,

173 656 259 727 Saepe
277 658 373 712 Amor
391 675 536 715 accensas
554 659 677 714 rettulit
696 658 764 714 inde
784 659 877 716 faces.

138 744 279 816 Solverat
298 745 411 803 effusos
431 747 551 817 quoties
571 747 636 803 sine
657 748 721 819 lege
743 747 878 819 capillos,
906 823 909 830 Ι

174 835 294 892 Infesta
313 842 360 892 est
377 837 505 909 trepidis
524 838 590 893 visa
609 836 707 893 Diana
724 836 811 907 feris;

140 921 210 979 Sive
230 922 344 978 iterum
363 923 509 980 adductos
528 924 650 981 fulvum
669 923 793 996 collegit
811 923 844 978 in
862 942 979 991 aurum,

175 1011 302 1084 Oompta
322 1013 497 1086 cytheriaco
516 1020 564 1070 est
582 1012 704 1085 pectine
722 1013 789 1069 visa
807 1013 920 1070 Venus.

140 1102 245 1174 Usque
263 1102 350 1158 illam
362 1103 449 1175 parvi
467 1104 576 1161 furtim
594 1121 776 1176 componere
794 1103 923 1158 Amores

175 1192 253 1247 Sunt
271 1192 364 1259 soliti,
379 1199 411 1248 et
428 1179 514 1249 facili
533 1193 641 1249 Gratia
659 1193 770 1248 blanda
788 1209 889 1258 manu,

140 1280 241 1352 Atque
260 1280 358 1336 honor
378 1289 409 1338 et
426 1283 522 1338 teneri
539 1284 602 1355 jam
613 1300 690 1338 cana
707 1279 856 1336 modestia
874 1281 988 1348 vultus,

177 1371 218 1424 Et
236 1370 336 1440 decor,
355 1377 388 1427 et
406 1372 549 1442 probitas,
562 1387 791 1443 purpureusque
809 1369 913 1440 pudor,

138 1456 229 1513 Oasta
247 1457 331 1525 fides,
351 1458 492 1532 risusque
511 1460 624 1526 hilaris,
645 1474 804 1531 moresque
823 1455 934 1528 pudici,

174 1546 378 1617 Incessusque
398 1547 520 1618 decens,
541 1549 682 1621 nudaque
703 1546 891 1618 simplicitas,

140 1634 222 1701 Quae
242 1645 354 1694 cuncta
371 1638 404 1693 in
425 1639 542 1695 cineres
560 1637 619 1693 fati
638 1637 741 1710 gravis
760 1635 868 1691 intulit
886 1636 969 1704 hora,
1012 1673 1013 1676 η

174 1725 257 1782 Mors
276 1733 390 1783 cuncta
406 1726 521 1782 immiti
539 1725 651 1798 carpsit
671 1725 779 1781 acerba
797 1743 899 1780 manu.

140 1813 268 1882 Occidis,
287 1815 419 1883 Albiera‚
439 1815 536 1887 prima
554 1815 699 1872 fraudata
714 1814 851 1886 juventa,
937 1809 939 1815 ’

174 1903 320 1976 Exigeres
339 1905 420 1962 vitae
440 1923 510 1961 cum
529 1905 589 1961 tria
607 1905 710 1960 luxtra
728 1911 814 1973 tuae;

141 1992 260 2050 Occidis
280 1995 438 2051 amborum
458 2002 599 2066 correpta
617 2000 688 2050 ante
703 2011 756 2048 ora
774 1998 949 2064 parentum3

174 2080 294 2138 Occidis
313 2088 385 2138 ante
404 2083 451 2139 tui
469 2081 588 2138 lumina
608 2087 724 2137 moesta
742 2079 809 2137 viri.

139 2167 188 2223 Ah
207 2169 307 2225 dolor!
325 2170 337 2226 i
356 2189 448 2242 nnnc,
472 2178 504 2228 et
525 2171 616 2226 rebus
635 2170 749 2225 confide
770 2167 920 2233 secundia,

175 2258 258 2325 Quas
277 2261 416 2317 Fortuna
434 2262 497 2318 levi
517 2262 639 2334 fertque
660 2260 812 2329 refertque
833 2274 935 2313 manu.

139 2346 227 2402 'Pelle
246 2349 390 2422 animum,
410 2356 442 2405 et
465 2351 549 2406 victo
571 2349 679 2405 molire
699 2367 738 2404 ex
756 2347 844 2403 hoste
864 2345 1052 2424 triumphem

173 2435 376 2510 Laurigerum
395 2440 488 2495 morti
509 2439 670 2512 subjiciere
691 2444 790 2510 caput.

139 2524 228 2597 Erige
248 2528 400 2585 taenareis
419 2528 570 2602 radiantia
587 2536 671 2586 tecta
691 2527 853 2597 columnis3

173 2615 268 2670 Parca
286 2623 388 2673 tamen
407 2618 511 2690 rapida
529 2625 560 2674 te
579 2619 681 2674 trahet
700 2617 770 2673 inde
790 2635 892 2671 manu.

137 2703 272 2774 Ingenio,
291 2706 415 2775 formae,
433 2707 553 2765 validae
573 2708 688 2764 confide
704 2707 865 2779 juventae3

172 2794 297 2852 Albiera
317 2816 388 2854 ecce
406 2797 492 2871 gravi
510 2804 607 2853 morte
627 2799 729 2854 soluta
738 2797 830 2868 jacet.

139 2883 185 2939 'l'u
203 2885 278 2942 mihi
296 2905 378 2945 nnnc
397 2889 477 2945 tanti
488 2888 583 2945 fuerit
601 2906 679 2962 quae
699 2907 791 2944 causa
809 2885 930 2951 doloris,

172 2975 316 3033 Attonito
336 2977 410 3048 vati,
431 2984 545 3034 moesta
564 2979 677 3044 Thalia,
696 2977 783 3032 refer.

115 3113 117 3119 .
137 3064 248 3122 Annua
266 3068 366 3140 pelliti
384 3069 569 3126 referentem
587 3087 674 3125 sacra
692 3065 819 3122 ioannis

172 3157 336 3215 Extulerat
355 3178 441 3215 roseo
461 3159 611 3231 Oynthius
631 3156 789 3221 mediam,

141 3244 217 3301 Onm
236 3248 373 3304 celebres
392 3248 535 3321 linquens
555 3248 697 3304 Sirendm
715 3243 836 3300 nemine
857 3260 969 3304 muros.

171 3340 420 3409 Herculeamque
441 3343 548 3408 petens
568 3337 653 3408 regia
671 3343 743 3390 nata
762 3340 871 3400 torum,

138 3429 271 3485 Candida
289 3427 426 3500 syllanae
446 3425 575 3497 vestigia
594 3425 733 3495 protinus
751 3423 820 3480 urbi

171 3518 332 3586 Intulerat,
351 3518 458 3587 longae
479 3515 560 3570 fessa
577 3515 679 3570 labore
700 3514 777 3570 viae.
