2572 4020
180 244 232 302 176

197 350 401 409 Diseumbunt
421 348 497 406 laeti
516 356 605 420 atque
626 349 777 422 effulgent
794 350 933 407 vestibus
952 351 1067 408 aureis

233 442 412 508 Caelicolae,
434 448 465 496 et
483 441 593 512 plausu
611 441 696 512 regia
713 448 796 497 teota
814 447 932 508 sonant,

196 533 285 589 Felix
304 531 357 603 qui
375 531 476 602 potuit
495 527 621 585 coelesti
639 530 818 585 accumbere
839 548 965 586 mensae

233 624 336 692 Atque
353 619 476 674 haurire
497 618 562 689 ipso
581 637 597 673 e
617 618 703 673 fonte
723 619 864 690 perennis
883 637 994 691 aquae.

201 711 355 765 Pallentes
374 709 481 780 procul
499 707 571 762 hino
590 706 687 762 morbi
706 707 863 779 tristisque
883 714 1037 765 senectus

232 801 273 853 Et
293 816 383 853 curae
403 797 511 868 vigiles
531 796 718 868 sollicitique
737 803 845 852 metus.

202 887 285 942 'Palis
305 892 372 941 erat
390 885 496 950 tellus,¹
512 885 627 940 Adamo
647 901 726 955 rege,
746 884 923 956 priusquam

233 976 346 1031 Pulsus
365 976 402 1030 ab
421 974 535 1046 Elysiis
554 973 675 1029 sedibus
693 973 713 1027 il
720 976 746 1028 le
764 973 853 1029 foret.

197 1065 339 1119 Nondum
358 1069 500 1134 pacatum
518 1062 585 1118 fera
603 1080 683 1117 mors
701 1062 870 1118 intraverat
890 1063 1007 1134 orbem,

233 1154 301 1208 Non
321 1154 408 1218 mala,
428 1170 489 1206 non
508 1152 611 1223 pestis,
631 1170 693 1206 non
712 1159 812 1208 metus
837 1153 920 1208 ullus
939 1161 1018 1210 erat.

197 1243 308 1299 Nullus
328 1242 425 1295 adhue
444 1239 580 1311 proprios
600 1248 688 1295 norat
708 1242 925 1296 transcendere
944 1243 1035 1311 fines,

233 1331 431 1389 Antiatibus
451 1329 576 1385 dubium
594 1329 760 1385 sollicitare
780 1329 902 1385 fretum.

198 1422 267 1477 Non
288 1421 410 1491 sonipes
429 1421 521 1474 duros
541 1421 704 1475 attriverat
724 1438 780 1475 ore
793 1421 923 1490 lupatos‚

235 1514 353 1567 Dextra
371 1527 427 1563 neo
447 1515 582 1563 aeratam
601 1510 731 1563 duxerat
749 1509 813 1564 ulla
833 1511 946 1565 tubam.

202 1603 270 1658 Non
289 1600 395 1669 hostis,
413 1618 476 1654 non
494 1617 596 1671 pugna
614 1599 682 1667 fuit,
702 1618 759 1655 neo
778 1599 871 1654 fortia
889 1601 966 1656 belli

234 1691 342 1746 Militis
361 1689 487 1744 insanus
506 1687 624 1743 fecerat
642 1707 725 1742 arma
743 1688 837 1743 furor.

198 1780 262 1834 Neo
282 1778 422 1833 dominus
443 1783 528 1831 certo
549 1776 688 1847 signabat
706 1776 804 1832 limite
825 1794 977 1848 eampum,

233 1871 344 1923 Nullus
363 1868 553 1938 inexpertam
573 1874 681 1922 taurus
700 1867 805 1921 arabat
823 1867 960 1923 humum.

199 1959 313 2030 Sponte
332 1977 387 2014 sua
405 1957 546 2029 gravidas
566 1974 689 2028 campus
709 1957 858 2012 fundebat
877 1957 997 2026 aristas,

234 2052 336 2121 Atque
357 2066 476 2102 merum
494 2047 581 2101 nulla
600 2046 690 2103 vinea
710 2034 793 2101 culta
812 2065 913 2101 manu.

199 2140 241 2195 At
261 2144 421 2208 postquam
440 2135 519 2190 fulvi
538 2134 686 2190 suecessit
706 2153 779 2190 eura
797 2135 915 2190 metalli

237 2221 322 2277 Vidit
340 2226 372 2275 et
393 2219 516 2275 effossas
535 2219 621 2274 dives
642 2235 753 2274 avarus
774 2237 853 2290 open,

202 2312 363 2363 Venerunt
381 2308 453 2362 lites
473 2314 505 2362 et
523 2306 608 2362 mille
628 2307 764 2377 pericula
783 2307 856 2363 belli

236 2399 347 2468 Iraque
367 2399 522 2452 Lernaeae
541 2397 689 2468 sanguine
709 2397 807 2452 tincta
825 2397 917 2452 ferae.

201 2488 290 2541 Nune
310 2486 420 2556 passim
441 2487 547 2541 caedes
567 2493 598 2541 et
616 2493 725 2541 mutua
743 2487 872 2541 vulnera
890 2485 1034 2559 fratrum,

236 2578 292 2631 Est
312 2593 433 2647 quoque
453 2576 505 2647 qui
523 2576 625 2630 nullos
641 2576 704 2646 jam
723 2582 813 2646 putet
830 2592 896 2630 esse
916 2579 1005 2631 Deos.

200 2664 249 2720 Ah
269 2664 411 2735 quotiens
430 2671 530 2719 totum
549 2671 585 2719 ut
604 2670 708 2720 rueret
728 2665 780 2735 qui
798 2663 913 2719 fecerat
933 2664 1045 2734 orbem,

238 2752 392 2823 Corripuit
412 2753 511 2807 valide
531 2753 595 2807 tela
614 2752 741 2808 trisulca
760 2770 860 2808 manu.

202 2842 243 2897 Et
260 2841 400 2898 facturus
420 2849 501 2911 erat3
521 2842 619 2896 nostri
638 2841 690 2897 sed
709 2841 811 2897 vietus
831 2859 932 2896 amore

241 2930 394 2996 Sustinuit
415 2930 480 2985 miti
501 2930 631 2986 fulmina
650 2936 737 3000 rapta
757 2950 856 2987 manu.

203 3022 274 3092 Ipsa
294 3039 349 3092 ego
369 3039 402 3076 re
420 3021 514 3077 variis
534 3028 677 3092 terraque
697 3021 832 3093 marique
852 3020 976 3091 periclis

237 3109 345 3181 Eripui
363 3111 445 3167 votis
465 3129 527 3165 non
546 3110 647 3164 aliena
666 3109 737 3165 tuis.

204 3199 330 3253 'Porrida
348 3217 403 3254 seu
423 3199 514 3254 certis
533 3201 716 3269 languerent
735 3199 867 3253 membra
885 3198 992 3255 diebus

238 3289 351 3343 Ureret
369 3294 423 3341 aut
442 3287 588 3342 miserum
606 3287 700 3343 febris
719 3287 829 3342 anhela
845 3287 939 3358 jecur,

204 3377 362 3446 Languida
380 3396 434 3433 seu
454 3378 573 3434 subitus
592 3385 729 3434 tentaret
749 3396 873 3450 corpore
894 3379 1020 3435 morbus

239 3467 308 3523 Sive
331 3467 417 3522 dolor
436 3468 526 3523 lateri
546 3468 743 3524 continuatus
763 3475 838 3524 erat.
