2498 4012
131 253 183 308 108

248 361 280 415 Si
298 361 425 416 Mellina
443 359 520 415 nihil
539 367 571 416 te
590 357 698 413 domus
717 352 818 426 efficit,

281 452 322 505 Et
340 449 442 505 fontes
460 448 567 520 positis
586 449 691 505 ordine
709 447 836 504 Medicis

282 539 385 595 Pomis
404 547 436 595 et
455 539 605 611 speculae,
625 556 746 594 omnem

280 628 368 686 Unde
388 630 494 685 urbem
513 629 588 683 licet
607 628 758 698 aestimem

243 721 285 775 At
304 719 439 792 Tyrrene
457 719 543 774 brevi
560 719 672 784 fronte,
693 717 793 773 oeulis
811 716 920 788 nigris,

278 809 372 879 Nigro
393 809 484 873 crine,
505 815 591 880 paret
610 825 687 880 quee
708 805 764 863 tibi
782 807 889 862 dulcia

277 897 384 954 Doctis
403 898 536 952 carmina
555 898 662 964 cordis,

276 989 317 1041 Et
336 989 418 1042 vocis
436 985 569 1059 liquidae
587 1004 677 1042 sonos

240 1074 366 1146 Tangat.
407 1077 449 1130 'Pe
470 1076 588 1149 cyathis
608 1093 647 1131 en
666 1082 756 1133 vocet
774 1076 917 1147 Angelus

275 1161 334 1215 'Per
352 1161 456 1227 ternis,
473 1161 623 1232 juvenum
642 1160 792 1216 nobilium
810 1161 916 1219 decue.

274 1248 342 1301 Non
362 1254 556 1304 contemnere
576 1249 679 1304 Musas

275 1337 317 1392 Te
338 1346 441 1393 vatem
461 1338 550 1394 decet
570 1339 708 1410 impares,

239 1427 332 1481 Vates
351 1428 513 1484 incolumis
532 1429 660 1484 maxime
680 1428 796 1484 saeculi

273 1517 315 1571 'Fe
334 1517 421 1573 nefas
441 1526 513 1574 ante
533 1518 608 1574 alios
629 1520 739 1574 ducere
761 1519 914 1590 liberum;

272 1606 396 1677 Ingenti
413 1609 531 1663 Ennius
550 1627 601 1664 ore

273 1697 420 1754 Dicturus
438 1717 531 1771 greve
550 1700 709 1770 praelium,

240 1786 347 1841 Victos
366 1795 397 1842 et
416 1789 544 1859 populos
564 1789 715 1845 imbuerat
734 1789 827 1861 ptine,

272 1877 307 1929 Se
330 1875 406 1942 vivo,
425 1876 578 1945 duplicem
598 1885 689 1947 potus
708 1878 887 1949 Ulysseum,
911 1886 944 1936 et

273 1965 361 2035 Troja
380 1964 487 2018 funere
506 1966 659 2022 Homerus

272 2054 391 2112 Divinis
411 2054 524 2111 cecinit
543 2056 645 2112 modis.

575 2339 619 2389 11.

486 2491 538 2556 IN
562 2490 712 2558 Rosns

233 2595 362 2641 QUARUM
382 2594 482 2634 smilis
508 2594 633 2635 PUELLA
653 2592 778 2634 FUERAT
798 2590 975 2635 CONTAOTA

476 2707 634 2759 (l'erminum
655 2703 721 2756 Lib.)

267 2869 309 2922 At
330 2866 415 2921 vobis
435 2867 514 2919 mala
533 2864 631 2919 multa
648 2865 687 2918 Di
705 2865 849 2934 Deaeque

267 2959 357 3024 Dent,
378 2957 517 3012 custodia
536 2956 655 3011 inutilis
675 2973 817 3022 rosarum,

267 3047 385 3118 Spinae‚
406 3065 480 3119 quas
499 3046 628 3116 digitum
648 3064 732 3100 meae
751 3045 872 3116 puellae

265 3136 355 3192 Juvit
375 3137 498 3207 cuspide
517 3136 684 3207 perculisse
703 3137 785 3191 dura.

265 3227 350 3291 Quae
371 3227 491 3291 fiducia,
513 3244 629 3297 quaeve
652 3244 741 3281 eausa
760 3224 845 3279 vobis

266 3312 436 3384 Iniecitqne
456 3313 573 3368 animos
592 3313 751 3385 scelusque
771 3311 891 3368 movit?

264 3402 341 3454 Nam
360 3401 386 3455 si
405 3401 519 3457 incedit
538 3421 666 3458 amoena
684 3400 823 3456 Faneieli

265 3490 324 3544 Per
343 3490 440 3545 vireta
461 3497 490 3545 et
511 3492 654 3546 amabiles
673 3509 727 3561 per
745 3490 850 3544 hortos

264 3578 344 3633 Hinc
364 3578 466 3650 legens
485 3586 606 3637 teneres
626 3598 710 3636 rosas
729 3586 760 3635 et
779 3579 857 3647 inde,
