2498 4012
1014 279 1066 337 139

148 383 238 440 Ferte
257 384 367 454 nefas3
386 391 490 440 nostro
510 404 660 458 nusquam
679 393 866 442 memoretur
884 386 916 441 in
935 389 1015 444 orbe.

152 475 240 540 Quod
260 491 351 542 mare,
371 491 448 546 quae
469 473 561 528 tellus
582 481 759 545 portentum
777 476 838 531 tale
861 476 989 532 feretis?

152 566 244 620 Ferte
262 564 369 634 procul
388 565 474 619 nulla
492 582 627 633 unquam
645 565 804 636 relligione
823 565 976 636 piandum.

148 653 271 708 Scilicet
290 653 328 707 iis
349 670 402 724 per
421 653 502 725 quod
518 653 656 724 jucunda
673 656 742 711 luce
757 655 876 726 fruaris

149 744 264 797 Lucem
284 742 400 798 adimas
419 741 557 813 ingratus
576 752 607 797 et
626 743 699 798 almi
717 744 845 800 luminis
863 763 962 814 usum,

149 832 268 902 Eripias
287 849 341 902 per
360 849 435 903 quos
454 832 568 886 almum
587 830 644 887 tibi
662 833 766 887 lumen
786 833 926 888 obortum
945 836 1017 891 eet?

148 919 197 974 Ah
215 919 345 973 mihine
363 925 484 974 tantum
503 921 544 976 sit
562 920 699 990 credere3
718 922 845 977 barbara
865 924 955 978 corda

149 1008 209 1064 Vix
227 1008 352 1080 capiunt
370 1010 471 1081 Grajis
490 1029 544 1083 per
562 1010 669 1066 ludum
688 1010 815 1066 inventa
833 1012 946 1082 poetis;

148 1098 184 1151 In
202 1105 311 1169 gnatos
330 1117 423 1169 quum
442 1106 547 1155 tantus
566 1117 655 1168 amor,
674 1117 769 1170 quum
787 1105 874 1154 tanta
892 1106 1051 1171 parentum

148 1185 193 1240 Sit
211 1187 317 1256 pictae,
339 1189 450 1258 quibus
470 1194 506 1244 ut
524 1188 695 1260 proferrent
714 1188 786 1256 fata,
805 1188 944 1244 subirent

148 1275 210 1346 Ipsi
228 1276 313 1331 mille
332 1293 432 1343 neces,
452 1295 509 1333 neo
528 1277 691 1350 quicquam
709 1284 757 1332 est
776 1277 865 1333 dulce
885 1278 1029 1348 peremtis

146 1364 338 1435 Pignoribus;
358 1372 497 1422 moerent
516 1365 592 1436 orbi,
613 1365 770 1435 vitamque
789 1372 946 1422 morantur

145 1453 282 1508 invisam
300 1454 344 1509 nil
362 1454 510 1511 debentes
530 1454 714 1511 caelestibus
733 1454 824 1510 auris.

146 1541 272 1608 Idcirco,
292 1547 328 1596 ut
346 1541 452 1597 duram
471 1543 552 1598 natis
571 1548 710 1598 avertere
728 1542 847 1612 possint

145 1628 326 1699 Pauperiem
345 1629 547 1702 miseramque
565 1630 687 1700 famem,
708 1636 755 1685 tot
774 1629 856 1685 adire
875 1629 994 1685 labores

146 1717 312 1784 Cernimus,
333 1724 364 1772 et
384 1719 476 1773 certis
494 1719 577 1773 ultro
596 1736 627 1774 se
649 1717 757 1773 offerre
777 1717 910 1789 periclis.

146 1806 214 1859 Non
232 1823 279 1860 me
301 1806 375 1862 adeo
395 1806 483 1878 fugit,
504 1806 634 1878 quantia,
657 1815 745 1878 pater
763 1807 885 1878 optime,
906 1807 986 1863 euris

145 1893 272 1960 Anxius,
292 1902 346 1950 aut
365 1900 479 1966 quanto
498 1895 677 1967 indulgebas
695 1902 801 1966 sponte
821 1895 925 1964 labori,

145 1983 190 2037 Ut
209 1981 282 2036 mibi
300 2000 348 2038 res
367 1989 476 2038 tenues
495 2002 548 2050 per
567 1991 614 2039 tot
634 1983 809 2039 discrimina
830 2001 932 2038 rerum

145 2070 287 2141 Eriperes
305 2071 400 2127 tantis
418 2072 567 2128 bellorum
586 2071 738 2140 fluctibus,
758 2078 793 2127 ut
812 2071 856 2127 nil

145 2162 330 2225 Detractum,
349 2160 425 2216 licet
443 2160 527 2217 irent
545 2167 682 2232 tempora
700 2161 783 2228 dura,
802 2162 923 2232 periret.

145 2248 192 2302 'Pu
212 2265 342 2319 quoque,
362 2257 469 2306 sancta
487 2268 605 2322 parens,
624 2250 718 2306 variis
737 2249 872 2306 exercite
890 2249 971 2306 curis

145 2337 205 2391 Pro
223 2346 316 2409 gnato
336 2357 411 2410 quas
429 2355 492 2395 non
511 2357 587 2408 aras,
608 2357 686 2411 quae
705 2357 765 2394 non
783 2356 870 2394 sacra
887 2337 989 2395 adibas

144 2426 288 2496 Templa?
306 2428 415 2498 quibus
433 2446 494 2484 non
513 2434 588 2484 tunc
608 2430 753 2484 onerabas
772 2428 897 2485 aethera
914 2428 1003 2496 votis,

141 2515 217 2570 Caro
237 2522 349 2571 cuncta
367 2515 478 2572 timens
496 2516 598 2587 capiti,
617 2517 696 2572 bona
714 2522 826 2572 cuncta
843 2516 983 2587 precata?

141 2607 186 2662 Ut
205 2605 280 2659 mihi
299 2606 336 2662 ad
355 2605 501 2678 ingenuas
519 2606 632 2662 nitenti
649 2607 779 2678 desuper
797 2612 877 2661 artes

140 2693 300 2750 Auxilium
318 2695 399 2750 foret
416 2703 449 2750 et
467 2693 554 2753 favor
573 2695 791 2767 omnipotentis
809 2696 938 2768 Olympi,

141 2782 180 2835 Et
199 2799 265 2836 sors
284 2799 381 2854 usque
402 2799 503 2838 eomes
523 2782 674 2840 crescenti
692 2784 803 2838 innexa
821 2781 949 2849 veniret,

140 2871 264 2938 Virtuti,
285 2890 363 2944 quae
383 2890 438 2928 nos
456 2872 496 2928 ad
515 2891 587 2945 opes
607 2874 729 2929 efferret
749 2873 856 2929 avitas.

141 2960 308 3031 Praecipue
328 2961 458 3017 mihine
477 2963 616 3019 maculae
635 2963 673 3018 ob
693 2963 833 3032 contagia
850 2967 956 3031 turpes

139 3051 204 3105 Aut
222 3048 313 3104 animi
334 3058 436 3122 pestes
456 3055 673 3107 commerciave
694 3052 759 3106 ulla
775 3056 930 3115 nocerent,

139 3138 198 3193 Sed
216 3138 289 3194 mihi
310 3157 396 3196 mens
415 3158 490 3211 puro
508 3141 590 3195 foret
608 3157 706 3212 usque
726 3140 758 3194 in
777 3155 900 3209 corpore
918 3156 1002 3208 pura,

139 3229 299 3299 Ductaque
317 3228 355 3283 ad
373 3236 546 3283 extremum
564 3228 721 3299 inculpate
739 3227 928 3284 adolesceret
946 3233 1038 3299 aetas,

139 3314 286 3370 Omnibus
307 3321 448 3370 ornatum
466 3316 538 3370 dum
557 3315 604 3371 vis
623 3315 772 3370 excellere
790 3316 890 3371 rebus.

138 3404 222 3470 Quae
240 3404 327 3460 vobis
346 3405 464 3461 meritis
483 3423 536 3476 pro
555 3407 651 3461 tantis
668 3412 776 3462 mutua
797 3412 902 3462 contra

138 3493 314 3548 Persolvam
332 3493 463 3549 infelix?
482 3510 558 3566 quae
578 3493 665 3551 vobis
683 3493 774 3567 digne
792 3493 979 3566 rependam?

138 3582 240 3648 Quum
250 3582 324 3638 mihi
336 3583 398 3640 sint
411 3589 443 3640 et
456 3602 537 3655 opes,
549 3585 667 3641 animus
681 3603 801 3657 quoqne
816 3592 846 3642 et
857 3584 958 3657 ampla
970 3584 1077 3641 volun-

137 3671 232 3758 quue
252 3689 348 3740 unum
366 3672 559 3742 affectarem:
579 3682 637 3757 ast,
652 3693 669 3731 ο
683 3674 824 3742 mortalia
835 3692 992 3750 uunquam
1014 3672 1079 3750 [tas
