2498 4012
1022 291 1099 333 XXXI

148 411 219 470 “Tu
239 429 368 486 quoque,
389 409 488 467 dulcis
508 426 592 479 enne,
613 409 670 466 teli
687 408 864 482 dignissima
880 412 966 484 prole

159 546 161 550 .
183 497 315 568 “Incipe
334 513 389 551 nos
407 494 489 550 inter
508 511 727 550 connumerare
748 501 825 563 tuos,

148 583 222 638 “Me
242 581 297 636 tibi
316 580 367 637 vel
386 595 541 652 generum,
561 578 611 635 vel
629 584 720 633 natae
739 578 858 651 suscipe
876 577 1012 649 fretrem,

180 663 363 737 “Quidquid
381 663 414 719 in
430 664 488 719 hec
506 663 584 730 fiam,
601 662 717 734 juverit
736 681 802 720 esse
821 664 918 720 domo.

149 751 164 781 ‘⁴
174 751 243 805 Non
260 748 336 822 vigil
354 754 457 804 cereto
476 746 617 803 dubitem
634 764 682 802 me
702 747 832 820 adfigere
851 748 933 820 posti

186 834 252 889 “Et
270 833 351 889 fessa
369 832 402 888 in
420 831 520 905 gelido
539 849 651 903 ponere
672 833 807 888 membra
825 832 899 888 solo.

150 920 164 949 “
175 919 240 975 Nec
259 918 360 973 minus
378 922 426 973 est
444 933 546 972 rerum
564 916 647 988 mihi,
667 935 758 990 quem
776 917 833 973 tibi
852 923 1074 988 cucumerum,

187 1002 303 1059 “Haud
322 1007 411 1056 nette
433 1007 535 1057 custos
554 1000 653 1072 aptior
670 1002 755 1058 ullus
775 1001 862 1058 erit¹

202 1161 233 1224 E
256 1157 282 1222 il
304 1156 401 1243 figlio
423 1178 485 1222 suo
508 1157 633 1222 Ercole
656 1156 701 1223 ha
723 1157 820 1243 negli
844 1158 984 1224 Amores
1000 1160 1099 1226 tratti

137 1274 174 1342 di
190 1272 288 1341 calda
302 1271 424 1358 poesia.
444 1274 538 1339 Reco
553 1269 596 1338 nd
608 1272 756 1357 esempio
771 1271 908 1360 l’elegie
923 1274 956 1338 el
969 1275 1112 1341 Bembe

140 1391 200 1456 nel
223 1389 358 1456 libror.

225 1541 327 1598 “Urbe
348 1558 434 1597 meus
452 1540 580 1597 discedit
600 1558 699 1611 amor3
720 1539 874 1597 discedere
893 1547 927 1598 et
945 1542 1008 1614 ipse

261 1629 276 1657 ‘²
286 1627 382 1698 Cogor
384 1667 621 1682 ......

140 1806 159 1849 6
182 1783 421 1868 i’epigremme
442 1802 481 1847 eu
504 1802 553 1845 un
576 1779 701 1867 doppio
724 1802 838 1848 umore

160 1938 235 1995 “An
253 1936 329 1992 mihi
348 1954 418 1992 cera
434 1935 519 2007 Nape
538 1933 652 2006 megin?
670 1953 710 2010 an
727 1934 809 2005 megi
827 1953 897 1990 cere
914 1936 1056 1992 Neaera?

142 2096 206 2162 che
220 2091 354 2160 ricorde
366 2091 456 2158 essai
477 2089 613 2174 l’elegic
633 2091 672 2157 de
688 2090 829 2156 diversis
844 2092 1015 2187 amoribus
1037 2088 1107 2156 del·

68 2292 72 2299 ,
142 2208 316 2277 l'AriostO.
739 2185 744 2191 ι
785 2178 955 2201 ’ΝΛ

211 2326 369 2392 Un’altro
383 2333 494 2412 poete,
510 2323 565 2390 de]
582 2324 684 2411 quale
700 2325 746 2389 nb
761 2324 789 2389 il
806 2323 942 2409 (iiovi0,
958 2324 1003 2389 nd
1018 2323 1109 2391 l’Ar·

145 2443 226 2525 silli,
249 2442 343 2508 ubil
366 2440 498 2507 Gireldi
520 2441 589 2507 han
611 2448 734 2511 tenuto
757 2441 884 2526 parole,
917 2453 1013 2507 cerne
1037 2461 1107 2506 non

145 2581 190 2624 ne
215 2557 322 2624 dieser
344 2559 449 2638 nulla,
473 2556 532 2644 piir
555 2554 654 2639 tardi,
678 2556 729 2644 gli
743 2555 859 2622 storici
883 2555 975 2624 (16116
991 2564 1110 2624 nostra

146 2675 359 2756 lettereture‚
383 2672 491 2739 Ptolo
515 2673 721 2739 Belmeeseri
744 2671 788 2737 de
811 2673 1034 2758 Pontremoli‚
1059 2671 1111 2737 in·

147 2796 310 2856 coronato
334 2788 594 2854 solennemente
615 2788 655 2853 in
677 2787 853 2874 Marsigh'a
866 2788 927 2855 nel
944 2789 1029 2855 1532
1054 2785 1110 2854 del

192 3028 199 3055 ¹
218 3025 334 3086 Quando
350 3023 478 3076 Anthium
494 3039 587 3075 amare
603 3023 728 3086 coeperit.

189 3101 283 3164 Seguo
305 3101 334 3151 le
360 3099 470 3150 lenione
494 3098 690 3151 dell’edizione
715 3097 815 3148 aldina
839 3099 885 3149 del
910 3096 979 3148 1513.
1003 3097 1046 3148 Mi
1067 3114 1120 3163 per

141 3175 309 3241 preferibile
326 3190 343 3224 a
360 3173 458 3239 quella
474 3179 572 3224 recete
581 3173 629 3223 (161
647 3173 707 3222 6ο(1.
720 3177 839 3223 estense.
855 3188 893 3237 vr,
910 3173 942 3222 B.
959 3173 998 3222 31.
1021 3173 1049 3223 T.
1073 3175 1119 3226 Ve-

141 3248 269 3316 rpaeicrri
280 3249 388 3300 Strozac
403 3248 544 3301 carmina.
562 3249 697 3299 Giudichi
707 3248 730 3298 il
740 3249 843 3299 lettere
861 3250 897 3301 de
908 3248 1005 3314 questi
1013 3250 1103 3301 versi:

233 3341 273 3385 'i'u
286 3353 395 3438 cinoque,
411 3339 493 3405 duleis
507 3351 579 3391 enne,
596 3340 743 3393 dignissima
753 3341 859 3393 pignore
873 3341 945 3384 tanto

305 3406 381 3449 nerpe
397 3405 446 3437 noe
461 3395 538 3437 rnter
552 3403 737 3437 commemorare
752 3396 817 3436 tues

237 3479 297 3546 non'
309 3469 376 3599 vifgl
390 3478 483 3544 cereto
497 3476 615 3543 dubitem
626 3474 798 3552 praecindere
810 3501 878 3553 porti
905 3475 912 3489 ⁰
934 3477 940 3489 ’

289 3555 327 3601 nt
367 3565 408 3599 ese
425 3553 514 3607 gelido
528 3565 625 3608 ponere
639 3552 756 3596 membre
769 3553 834 3598 eolo.
