2498 4012
345 346 387 402 Et
404 366 436 402 se
456 345 637 418 simpliciter
653 342 772 404 blandis
789 344 947 406 insinuare
964 350 1083 424 puellis

451 438 512 493 Sub
531 439 611 494 versi
630 438 705 511 pelli
722 438 888 497 schemate.

343 530 427 595 Quas
438 546 503 599 ego.
523 547 599 600 quas
610 529 704 584 toties
718 528 844 584 memini
860 531 1034 601 traducere,
1052 555 1150 608 quum
1168 557 1212 593 me

450 621 638 675 Consuetum
656 630 808 675 amantem
827 620 999 678 crederent.

341 712 380 765 Et
400 710 466 765 siue
485 710 556 765 fuco
575 728 681 765 omnes
699 710 793 765 animi
810 719 934 767 secreta
952 725 1127 786 moverent,

444 802 509 857 Ceu
528 799 668 855 conscius
685 799 776 870 plane
795 798 904 867 forem,

340 893 381 945 Et
399 891 539 961 quamvis
556 890 637 945 risus
655 888 707 943 vix
725 889 916 947 dissimulate
935 893 1057 963 liceret,

445 980 557 1034 Tamen
576 981 746 1034 annuebam
765 979 886 1035 callide.

339 1074 440 1141 Atque
459 1086 498 1122 an
516 1068 648 1123 furtivas
660 1068 735 1122 mihi
752 1086 873 1139 possem
891 1071 1069 1131 adsciscere
1088 1083 1194 1133 noctes

447 1158 513 1212 Xon
532 1158 708 1212 desinebam
725 1175 873 1229 quaerere

339 1249 448 1305 Omnia
465 1265 543 1320 quae
563 1247 646 1302 dulci
667 1248 788 1303 demum
808 1266 932 1305 narrare
951 1253 1053 1309 sodali

444 1339 543 1404 Quam
563 1338 662 1401 dulce,
682 1356 773 1408 quam
792 1339 909 1393 laetum
927 1340 1003 1397 fuit!

336 1430 406 1500 ipsa
418 1427 509 1481 etiam
531 1427 562 1481 in
580 1445 708 1493 summo,
722 1445 817 1499 quum
835 1444 890 1482 noe
909 1438 1069 1501 spectaret
1081 1437 1207 1510 Olympo

440 1518 573 1573 Ridebat
591 1526 737 1585 argutum
755 1519 869 1574 Venus.

333 1613 375 1666 At
394 1626 475 1663 nune
495 1625 577 1662 arma
596 1625 708 1673 omneS,
728 1625 833 1663 omnes
851 1607 972 1664 infensa
992 1629 1140 1683 paremus

439 1698 611 1762 Tormenta,
631 1697 703 1768 pila,
723 1696 862 1763 cassideS,

335 1790 410 1844 Tela
429 1806 542 1860 cumea,
562 1787 677 1842 vexilla
696 1804 808 1851 omneS,
829 1787 971 1861 aciesque
991 1789 1171 1865 loquuntur,

439 1879 613 1949 optantque
635 1877 758 1932 caedem
778 1883 809 1930 et
827 1876 1017 1948 sanguinem.

331 1968 410 2023 Proh
428 1967 538 2038 superi,
558 1974 672 2037 quanta
684 1976 741 2035 est,
761 1974 875 2039 quanta
893 1968 1071 2027 immutatio
1085 1991 1192 2037 rerum,
1227 2029 1229 2033 ,

437 2057 685 2129 vicissitudoque
705 2057 853 2113 omnium!

331 2149 388 2215 Qui
408 2148 496 2202 modo
516 2147 641 2202 delicias
661 2154 783 2201 tantum
801 2146 966 2204 affectabat
984 2151 1104 2208 amicae

437 2238 626 2310 speculoque
645 2239 808 2311 adaptabat
827 2256 934 2305 comes,

331 2331 418 2385 Nunc
439 2338 470 2385 et
489 2329 661 2395 blanditiae,
681 2347 763 2384 nunc
783 2335 966 2399 aspernatur
985 2349 1108 2388 amores

436 2419 550 2475 Sudore
570 2418 644 2474 litus
664 2425 696 2473 et
713 2420 846 2491 pulvere.

239 2616 272 2658 Mi
288 2627 337 2668 par
352 2614 500 2657 verosimile
523 2613 668 2657 attribuite
684 2618 778 2668 questa
797 2613 875 2657 lirica
888 2614 1010 2660 all’anno
1026 2618 1086 2671 1510,
1102 2619 1131 2664 in
1145 2618 1184 2664 cui

198 2683 239 2726 rui
256 2681 322 2724 duca
337 2679 362 2725 «li
380 2681 491 2723 Ferrarii
505 2693 621 2733 gravare
635 2680 662 2723 la
676 2681 827 2724 ecomunica
840 2681 942 2734 papale,
959 2694 974 2724 e
990 2683 1012 2726 il
1028 2683 1097 2729 duca
1112 2687 1183 2731 d’Ur-

198 2750 258 2792 irino
273 2750 292 2791 a·
305 2745 484 2801 irupadroniva
501 2747 571 2791 delle
586 2747 720 2801 provincie
735 2746 883 2797 d’AHoneo,
906 2759 919 2789 e
939 2745 1052 2795 ferveva
1070 2751 1117 2807 piir
1130 2752 1184 2795 riva

198 2816 246 2859 circ
261 2815 312 2858 mai
330 2816 356 2858 la
370 2826 466 2866 rrurrra
484 2813 527 2857 t'ra
543 2814 569 2857 la
584 2812 696 2856 Francia
706 2826 720 2856 e
732 2813 815 2856 Roma
828 2825 841 2855 e
853 2812 879 2855 le
892 2812 995 2858 milicie
1007 2818 1135 2870 spagnole
1145 2830 1180 2860 as·

195 2883 297 2925 rnlrlatc
308 2892 401 2924 corrrrc
418 2882 438 2925 ii
452 2881 576 2923 t'olonna.
589 2880 670 2923 Parve
685 2879 778 2930 allora,
791 2877 834 2922 fra
848 2878 917 2922 tanti
927 2883 1032 2925 rumori
1042 2882 1070 2926 di
1083 2896 1181 2938 guerra,

195 2960 295 2993 «inarata
311 2950 400 3002 quella
415 2949 474 3001 gaia
488 2949 551 2993 vita.
576 2948 631 2992 alia
645 2947 723 3000 ‹lirale
745 2948 765 2991 il
782 2938 877 2991 'futuro
898 2949 1026 2994 canonico
1046 2952 1183 3006 ripeneava

194 3031 240 3060 vitu
258 3015 397 3060 dediderit).
