2498 4012
134 195 170 250 66

151 300 196 356 Ut
212 296 346 369 speciem
365 304 398 354 et
417 300 514 353 clarae
535 297 631 353 ferret
649 313 726 370 quae
746 313 873 353 munera
892 294 1022 366 formae,

187 386 308 459 Ingenii
327 387 428 442 nullas
447 395 611 460 quaereret
629 387 685 442 illa
702 386 783 454 vias3

154 479 301 550 Quaeque
320 477 414 533 animi
432 479 525 534 decus
545 478 694 546 indueret,
715 479 891 551 cultumque
909 496 967 550 per
980 486 1070 536 artes

186 567 299 622 Pectus
318 565 494 637 Apollineas
513 565 730 639 ingeniumque
750 565 843 633 ferax,

150 657 210 712 Illa
227 655 286 712 sibi
305 657 425 711 nullum
443 655 558 712 formae
579 661 715 728 speraret
731 656 877 712 honorem

190 747 291 818 Atque
310 763 413 802 omnes
431 752 521 817 pacto
536 745 629 818 jussit
647 746 753 802 edesse
771 748 857 803 Deos.

153 834 289 890 Plurima
308 854 434 908 cumque
454 854 533 892 novo
554 836 701 893 crevisset
719 834 833 892 femina
852 835 977 906 mundo,

189 926 328 980 Eventus
348 931 463 981 certam
481 925 652 981 sustinuere
670 924 767 980 fidem

151 1014 289 1086 Namque
308 1020 344 1069 ut
361 1014 475 1069 habent
494 1014 574 1069 mala
592 1031 664 1070 rura
682 1013 822 1070 valentes
840 1029 933 1085 saepe
954 1015 1096 1087 colonos,

185 1102 336 1176 Pigraque
355 1102 408 1175 qui
426 1103 523 1159 bonus
541 1109 599 1172 est,
619 1101 683 1158 otia
700 1100 797 1158 sentit
814 1118 894 1174 ager,

152 1189 201 1245 Sic
219 1208 281 1246 non
299 1191 449 1248 formosae
468 1193 555 1248 cultu
574 1191 695 1248 nituere
713 1192 850 1264 puellae3

185 1281 227 1335 Et
245 1298 322 1352 quae
342 1280 478 1352 pulchra,
498 1281 605 1337 eadem
623 1279 774 1338 desidiosa
790 1279 860 1336 fuit

151 1368 254 1424 Prima
272 1387 374 1426 meum
393 1376 485 1458 atque
505 1368 574 1426 aevi
591 1369 673 1426 eidus
690 1366 861 1441 spectabile
879 1370 990 1438 nostri,

186 1456 318 1514 Tantum
338 1457 447 1524 auimo,
466 1464 616 1530 quantum
634 1456 745 1530 Borgia
762 1457 862 1514 fronte
883 1456 989 1516 micas:

149 1546 189 1601 Et
206 1545 264 1601 tibi
283 1565 353 1603 cnm
370 1547 449 1603 facie
469 1565 531 1603 non
551 1552 651 1603 certet
670 1548 810 1618 Agenore
830 1553 912 1617 nata,

184 1636 252 1690 Non
270 1636 388 1693 Helene
409 1636 501 1693 Idaeo
521 1643 609 1708 rapta
626 1637 768 1692 Lacaena
784 1635 870 1692 Pari:

150 1724 193 1781 re
213 1731 316 1782 tamen
334 1725 367 1781 in
385 1727 495 1795 studia,
515 1733 548 1783 ct
566 1726 672 1783 doctas
692 1724 827 1782 traducis
845 1725 878 1780 in
895 1731 992 1795 artas,

130 1822 143 1847 *
184 1813 248 1870 Neo
267 1814 342 1870 sinis
361 1815 519 1888 ingenium
538 1814 696 1887 splendida
714 1816 813 1872 forma
829 1823 958 1888 premat,

150 1901 220 1960 Sive
240 1903 337 1959 refers
355 1904 461 1977 lingua
479 1905 671 1961 modulatum
690 1923 813 1961 carmen
831 1907 974 1974 Etrusca,

185 1993 325 2050 Crederis
344 1996 474 2050 Etrusco
493 2001 567 2050 nata
584 1994 689 2065 puella
707 1995 780 2050 eolo.
867 2008 870 2013 ·

150 2083 211 2138 Seu
230 2084 346 2138 calamo
366 2084 471 2140 condis
490 2101 633 2140 numeros
652 2089 683 2138 et
701 2081 836 2138 carmina
853 2089 988 2155 sumpto,

185 2173 243 2227 Illa
262 2190 374 2228 novem
392 2180 520 2245 possunt
538 2172 652 2244 scripta
670 2172 777 2228 decere
796 2175 884 2228 Deae.

149 2260 257 2315 Nablia
276 2278 339 2326 seu,
360 2259 568 2333 citharamque
587 2278 679 2315 manu
697 2277 876 2331 percurrere
894 2261 1025 2334 eburno,

185 2351 226 2405 Et
244 2350 329 2405 varia
346 2349 479 2423 Ogygios
498 2356 562 2406 arte
583 2349 663 2406 ciere
682 2348 795 2416 medos,

149 2440 209 2494 Seu
228 2457 372 2496 revocare
391 2438 467 2495 Padi
484 2437 602 2496 vicinas
621 2437 761 2494 cantibus
780 2437 885 2506 undas,

184 2529 372 2586 Mulcentem
391 2528 474 2585 dulci
492 2527 618 2584 flumina
637 2533 727 2599 cepta
744 2545 827 2594 sono,

149 2620 209 2675 Seu
227 2627 258 2676 te
278 2620 431 2676 nexilibus
446 2619 535 2692 juvat
553 2618 710 2690 indulgere
731 2616 857 2684 choreis,

185 2711 226 2764 Et
243 2707 329 2764 facili
347 2710 385 2764 ad
403 2725 564 2764 numerum
582 2707 761 2764 subsiluisse
779 2704 863 2778 pede,

148 2800 248 2868 Quam
266 2795 368 2864 time0⁸‚
388 2815 427 2853 ne
447 2798 515 2870 quis
533 2803 676 2870 spectans
693 2795 769 2850 haec
789 2792 869 2850 forte
889 2795 1036 2864 Deorum,

186 2891 228 2946 'Pe
248 2890 390 2960 praedam
409 2889 508 2945 media
526 2896 630 2960 raptor
648 2888 685 2943 ab
707 2905 775 2943 arce
795 2891 889 2958 petat,

150 2979 376 3051 Sublimemque
396 2978 476 3033 ferat
495 2977 615 3034 levibus
634 2994 726 3048 super
744 2974 869 3031 aethera
887 2975 1004 3045 pennis

184 3070 305 3138 Datque
322 3065 396 3123 novi
415 3065 498 3120 caelo
518 3065 626 3120 sideris
647 3082 712 3120 esse
731 3067 836 3120 Deam.

149 3156 304 3228 Quidquid
322 3156 395 3227 agis,
415 3154 562 3228 quidquid
580 3154 722 3227 loqueris,
742 3153 883 3220 delectat,
904 3158 938 3209 et
956 3171 1064 3212 omnes

184 3245 372 3299 Praecedunt
392 3244 536 3310 Charites,
556 3243 811 3315 subsequiturque
829 3243 938 3296 Decor.

148 3333 215 3402 Ipse
236 3337 335 3389 Decor
354 3332 500 3404 sequitur,
519 3333 573 3389 sed
591 3333 618 3388 si
636 3332 725 3386 modo
743 3347 817 3386 vera
833 3327 979 3393 fatemur,

184 3423 254 3477 Heu
274 3420 356 3488 mihi,
376 3439 467 3494 quam
485 3422 591 3479 multis
610 3429 658 3478 est
676 3422 768 3477 decor
785 3420 838 3476 ille
857 3419 949 3477 malo.
