2498 4012
295 351 358 407 Nee
376 357 407 407 te
426 349 485 406 mei
504 347 660 406 miserebit
680 368 827 423 unquam,
848 368 909 408 nec
928 352 1015 411 mihi

331 443 426 515 Opem
444 441 594 514 benignus
614 439 744 498 afferes?

295 537 342 591 lin
360 534 458 590 hostis
476 540 513 589 ut
532 550 579 587 me
600 532 723 588 territat
741 531 907 589 minaciter

330 627 495 699 Antiquus,
513 633 606 697 etque
625 631 697 680 tuae
715 624 823 696 procul

294 718 375 772 Rata
392 722 484 772 vocat
502 733 555 787 epe
574 714 723 771 maximae
744 715 940 784 clementiae,

330 807 482 878 Nulloque
502 823 563 860 non
582 805 684 877 pergit
702 806 770 860 loce

294 895 475 951 Severitctis
495 913 542 950 me
562 901 634 950 tuac
653 893 815 950 formidine

328 988 444 1056 Urgere
464 1003 564 1051 saeva,
584 992 616 1040 et
636 986 755 1040 acribus

294 1075 441 1130 Pedicare
461 1074 594 1129 stimulis
613 1074 754 1130 intimum
775 1082 883 1146 pectus
903 1094 1026 1147 meum,

331 1162 392 1229 Qui
411 1162 484 1216 mihi
503 1180 555 1217 cor
574 1163 715 1217 ulcerent
732 1162 797 1218 dies

294 1255 476 1325 Nomasque,
496 1259 600 1324 gratae
620 1270 676 1308 nee
696 1252 807 1325 quietis
826 1271 957 1310 munere

328 1344 439 1399 Sinunt
459 1341 562 1413 cupito
581 1341 716 1413 perfrui:

294 1434 383 1501 Quod
402 1433 428 1487 is
447 1451 495 1488 me
514 1433 683 1488 identidem
695 1432 811 1489 asserit
831 1452 998 1507 nunquam
1020 1440 1054 1497 in
1074 1448 1156 1497 tuam

328 1522 440 1579 Redire
459 1540 547 1593 posse
566 1522 695 1594 gratiam

293 1612 372 1667 Tota
390 1611 583 1683 inquinatum
602 1618 713 1675 mente,
733 1616 799 1665 tote
820 1629 957 1682 corpore,

329 1701 393 1773 Ipsi
411 1701 486 1755 mihi
504 1700 722 1772 turpissimum.

293 1793 341 1847 Ah
360 1791 398 1846 ah
416 1791 489 1863 quid
507 1790 539 1844 hi
557 1809 604 1844 me
624 1791 740 1846 tamdiu
759 1791 930 1849 miserrime

329 1881 466 1937 Terreris
485 1888 602 1953 angunt
620 1882 774 1938 vertices?

293 1974 341 2028 An
360 1971 418 2026 hoe
437 1988 473 2026 ee
492 1971 535 2037 fit,
556 1972 625 2026 luce
644 1973 726 2044 quod
747 1971 843 2027 semel
862 1978 936 2029 tuae

329 2062 356 2117 A
375 2059 516 2116 veritatis
535 2061 632 2130 avius,

293 2151 421 2205 Perinde
442 2150 528 2222 quasi
547 2157 582 2206 tu
602 2152 715 2218 nullus,
736 2156 790 2206 aut
808 2169 963 2224 nusquam
982 2155 1074 2215 feres

329 2241 397 2306 Quo
416 2241 508 2311 plena
526 2241 639 2296 scimus
660 2240 769 2307 emnia,

293 2332 429 2385 Moerum
447 2346 503 2401 age
522 2329 624 2384 emnia
643 2329 762 2396 virium,
784 2335 910 2384 sanctae
932 2332 1019 2390 nihil

329 2418 401 2489 Opis
420 2425 492 2474 tuae
512 2419 640 2474 fiducia:

292 2508 411 2579 Perque
428 2525 524 2580 usque
544 2525 640 2563 vanas
662 2507 848 2563 somniorum
867 2507 1025 2582 imagines

326 2599 405 2651 Dum
423 2596 573 2667 gloriosus
592 2597 722 2664 ambulo,

293 2687 366 2744 Tuis
385 2687 501 2743 relictis
520 2686 638 2758 legibus
657 2685 858 2742 sanctissimis

328 2778 429 2832 Foeda
448 2779 559 2832 obruor
578 2775 717 2846 caligine,

292 2867 475 2938 Opinionum
492 2865 692 2936 pessimarum
710 2871 742 2921 et
761 2884 778 2920 a
796 2864 844 2919 tui

326 2958 437 3013 Amore
455 2957 548 3026 lenge
565 2953 726 3026 distrahor,

292 3048 385 3119 Cujus
403 3066 451 3103 me
471 3046 657 3118 oportuisset
676 3045 762 3109 eheu,
779 3042 896 3115 jamdiu

330 3139 488 3209 Flagrasse
508 3136 602 3192 sacris
622 3135 752 3206 ignibus.

291 3227 356 3291 Sed,
377 3243 394 3278 o
413 3232 482 3280 tues
501 3226 592 3280 beare
612 3224 665 3295 qui
683 3222 769 3279 solus
789 3227 884 3292 potes,

330 3316 449 3371 Nedum
465 3318 583 3387 juvare,
603 3314 765 3386 supplices,
824 3314 827 3321 “

294 3406 432 3472 Quirite
452 3412 592 3460 sanctum
612 3421 723 3458 nomen
742 3406 891 3471 usurpant
911 3408 1011 3476 tuum,

326 3497 465 3566 Veroque
487 3513 518 3549 sc
538 3493 640 3550 dicant
658 3493 723 3565 tibi,
