2498 4012
618 441 735 495 XVIII.

514 608 580 676 AD
605 610 824 678 STELLAM

551 762 679 817 (arioni,
696 764 752 809 aa.
763 764 792 817 1.)

202 968 266 1023 Neu
288 968 381 1039 Alpes
400 967 473 1023 milri
493 974 532 1034 te,
554 974 607 1023 aut
625 968 706 1025 vasti
724 968 816 1024 marie
834 985 958 1042 aequor,
979 977 1014 1025 et
1031 970 1115 1043 ipsae

237 1056 375 1128 liripiaul
394 1058 507 1129 Syrtes,
527 1074 598 1113 uam
616 1056 690 1112 mihi
708 1074 829 1128 semper
847 1058 929 1114 adas.

201 1148 318 1203 lleeuur
338 1146 375 1201 ‹lo
395 1164 514 1201 summa
532 1146 700 1218 specularis
718 1147 824 1202 littora
841 1165 952 1219 puppe,

237 1236 273 1289 lit.
293 1252 413 1289 mecum
434 1236 538 1305 leugas
558 1234 643 1305 isque
664 1234 805 1307 redisque
824 1234 900 1292 vias.

200 1324 318 1377 ileeuur
337 1324 513 1395 compositis
531 1324 637 1379 haeres
656 1324 803 1380 moritura
821 1324 952 1393 lacertis,

232 1414 261 1469 si
282 1422 404 1485 penius,
425 1414 450 1469 si
469 1416 549 1486 quod
568 1432 662 1470 saeva
679 1414 814 1470 minatur
830 1414 946 1487 hyems.

199 1504 244 1557 Mu
265 1522 458 1575 qumuumpm
477 1504 553 1569 loco,
574 1503 721 1577 quidquid
739 1502 863 1561 fortuna
882 1505 1007 1577 pararit,

231 1593 386 1665 Quidquid
406 1612 470 1663 ago,
491 1612 609 1649 mecum
629 1612 668 1662 es,
687 1612 744 1650 nec
762 1595 821 1650 nisi
840 1612 960 1668 semper
979 1598 1064 1655 ades.

196 1682 241 1738 'l'u
262 1684 344 1739 (ruris
362 1684 497 1739 solarueu
517 1686 596 1749 adea,
617 1684 797 1757 requiesque
817 1685 922 1748 labori,

232 1776 271 1829 lu
291 1774 363 1846 quia
381 1793 500 1847 uruuper
519 1776 598 1840 ades,
618 1774 663 1828 nil
681 1775 740 1829 nisi
759 1774 846 1830 dulce
867 1775 942 1831 mihi
960 1784 1019 1833 est.
1070 1840 1075 1848 ¹

194 1864 280 1931 Quod
302 1865 327 1919 ui
348 1865 468 1937 ‹pumdo
489 1865 575 1931 absia,
598 1870 629 1919 ei
649 1871 680 1919 te
697 1865 768 1936 jam,
788 1865 892 1933 Stella,
913 1866 1048 1939 requiro,

230 1954 300 2009 Sive
321 1954 394 2019 (lius,
413 1973 467 2011 acu
487 1972 559 2021 nox,
577 1959 684 2025 sponte
703 1953 834 2010 videnda
852 1955 949 2011 venis.

197 2045 270 2099 Nau»
293 2064 362 2100 cum
382 2045 432 2099 Sol
452 2045 564 2117 primos
583 2044 671 2099 effert
691 2045 915 2115 pulcherrimus
934 2052 1032 2114 ortus,

229 2138 363 2191 Aurorae
384 2135 414 2189 iu
432 2135 549 2205 greurio
569 2141 604 2189 tu
623 2134 698 2189 milri
717 2152 806 2190 mane
825 2135 914 2203 nites,

194 2224 260 2279 illic
282 2244 510 2298 purpureusque
529 2242 625 2295 genas
643 2242 826 2293 roseumque
845 2224 1003 2297 labellum,

230 2316 360 2371 Deliciae
379 2316 468 2371 video
490 2322 615 2387 pectora
633 2322 664 2371 et
682 2315 748 2387 ipsa
766 2334 856 2371 meas.

191 2404 308 2477 Oraque
329 2406 359 2459 iu
380 2423 432 2461 ore
452 2410 534 2463 Deae
554 2424 646 2461 cerno
666 2412 735 2476 ωας
756 2413 791 2462 tu
809 2405 884 2460 mihi
901 2405 992 2474 rideS,

225 2495 329 2549 Soneio
349 2495 385 2551 de
406 2496 469 2551 risu
487 2495 598 2567 gaudia
617 2495 700 2551 mille
721 2502 783 2552 tuo.

188 2582 258 2653 Ipsa
276 2583 349 2638 milri
369 2584 445 2640 dicis
461 2585 556 2655 jungo
576 2602 644 2639 mea
663 2585 773 2655 gaudia
791 2592 902 2655 tecum,

223 2674 304 2727 llum
322 2673 457 2747 loqueris
473 2674 569 2745 jungo
590 2674 673 2729 basia
691 2680 796 2731 nostra
813 2675 886 2731 tuis.

188 2760 262 2817 Indo
281 2762 334 2817 ubi
352 2780 405 2835 per
424 2764 556 2820 medium
579 2765 697 2836 rapitur
715 2766 765 2821 Sol
785 2783 898 2820 aureus
916 2765 1033 2834 orbem,

222 2856 324 2911 Aurea
342 2861 373 2909 te
393 2855 479 2910 nobis
499 2855 577 2910 Solis
598 2855 696 2925 imago
717 2854 826 2911 refert.

186 2943 275 2997 Illius
294 2944 326 2999 iu
345 2945 437 3000 radiis
456 2944 545 3001 video
565 2944 695 3001 rutilare
715 2944 870 3015 capillum,

220 3033 260 3087 Fa
280 3038 333 3088 lua
351 3034 511 3090 Phoeboeo
530 3035 671 3105 splendet
692 3035 723 3089 iu
743 3035 812 3105 igne
833 3051 928 3090 coma.

185 3123 384 3195 Quacumque
407 3125 549 3196 adspicio,
569 3125 631 3190 lux,
651 3131 685 3179 te
704 3124 788 3194 mihi,
808 3132 844 3180 cu
863 3122 938 3177 mihi
955 3122 1070 3194 lucem,

220 3212 324 3278 Offers,
344 3232 401 3269 nec
420 3215 485 3269 sine
505 3222 535 3270 te
558 3214 651 3270 luxve
670 3214 774 3270 diesve
796 3213 871 3268 mihi
890 3220 945 3269 est.

184 3299 319 3355 'landem
337 3302 390 3356 ubi
408 3305 544 3375 sydereis
563 3324 624 3362 nox
643 3305 770 3361 advenit
790 3311 860 3360 ecta
878 3304 1046 3378 quadrigis,

148 3384 151 3391 '
220 3391 327 3445 Clarus
348 3397 379 3444 ei
399 3393 525 3449 occiduo
546 3412 657 3467 vesper
676 3395 708 3450 in
728 3398 799 3452 orbe
824 3398 913 3463 nitet,

184 3481 243 3536 Ora
261 3481 357 3537 refert
376 3489 430 3537 tua
449 3502 529 3539 nunc
548 3487 623 3541 mihi
643 3488 771 3542 candida
789 3489 909 3545 lucidus
928 3488 1050 3563 hesper,

217 3572 254 3625 In
273 3572 402 3627 Veneris
421 3582 524 3644 specto
543 3583 574 3632 te
594 3579 741 3633 recubare
761 3578 842 3634 sinu.

1237 1856 1244 1987 ᾖ
