2498 4012
87 373 212 432 Credam
231 390 294 446 ego,
315 370 395 445 quod
413 369 480 428 fieri
499 368 588 444 cupio
607 368 747 444 votisque
767 368 876 428 favebo

122 467 191 536 Ipsa
209 464 293 529 meis,
312 480 387 518 vera
404 462 479 517 haec
499 462 566 535 quis
586 469 671 520 vetet
689 481 756 519 esse
775 463 898 518 tamen?

86 557 149 611 Nec
168 554 225 609 tibi
243 559 315 609 sunt
333 552 508 623 praecordia
526 553 633 623 ferrea,
652 571 709 608 nec
728 552 786 608 tibi
804 553 879 608 (lura

78 700 81 705 .
120 648 223 702 Ubera
241 644 274 699 in
293 643 414 715 Alpinis
434 642 574 698 cautibus
593 660 665 697 ursa
683 640 773 696 dedit.

84 737 147 791 Neo
168 734 318 805 culpanda
337 740 391 787 tua
410 740 456 788 est
474 750 572 787 mora:
591 750 662 787 116111
681 739 844 802 praecepta
863 733 989 787 deorum

120 827 187 880 Non
207 825 253 879 fas
272 841 329 878 nec
348 830 452 878 tutum
471 828 517 877 est
537 838 679 892 spernere
699 820 780 877 velle
799 820 923 876 1161111111.

85 919 158 972 Esse
178 924 282 972 tamen
300 914 400 970 fertur
420 912 583 968 clementia
601 916 689 966 tanta
707 909 827 976 Leonis,

120 1007 165 1062 Ut
182 1004 268 1060 facili
286 1006 434 1060 humanas
453 1003 558 1058 audiat
577 1017 649 1055 aure
668 1017 782 1071 preces,

85 1095 131 1148 'Pu
149 1094 236 1148 modo
257 1099 288 1148 et
305 1093 389 1148 1111116
407 1094 527 1147 Numen
546 1096 708 1147 veneratus
727 1091 825 1158 adora,

119 1184 278 1254 Pronaque
297 1181 424 1237 sacratis
444 1181 549 1236 oscula
566 1179 605 1243 1111
622 1180 756 1250 pedibus.

84 1275 218 1344 Cumque
239 1280 293 1327 tua
313 1271 454 1326 attuleris
473 1271 602 1340 supplex
621 1277 701 1336 vota,
722 1269 819 1340 adjice
838 1277 950 1337 nostra,

118 1366 220 1435 Atque
239 1379 306 1416 meo
324 1362 428 1432 largas
447 1361 568 1416 nomine
587 1362 681 1417 funde
701 1376 814 1432 preces.

82 1459 146 1509 Aut
161 1453 268 1523 jubeat
287 1459 318 1506 16
333 1452 397 1523 jam
415 1445 576 1522 properare
595 1453 632 1507 ad
650 1452 769 1508 moenia
787 1453 918 1516 Mantus,

117 1546 182 1599 Aut
201 1560 248 1597 1116
267 1543 421 1596 Romanas
441 1547 545 1596 tecum
562 1541 699 1598 habitare
718 1543 830 1608 domos,

82 1633 218 1701 Namque
240 1649 294 1702 ego
313 1649 381 1686 sum
400 1631 466 1685 sine
486 1637 516 1685 16
537 1631 636 1687 veluti
654 1631 785 1702 spoliata
804 1630 947 1702 magistro

118 1722 240 1793 Cymbe,
260 1720 424 1792 procellosi
442 1739 532 1792 quam
551 1720 631 1790 rapit
649 1720 730 1775 unda
749 1719 851 1774 maris.

81 1813 122 1866 Et
140 1812 210 1866 data
230 1828 298 1865 cum
316 1810 374 1865 tibi
392 1809 450 1863 sim
468 1821 600 1881 utroque
620 1812 815 1882 orbapuella
833 1815 968 1881 parente,

116 1905 204 1959 Solus
224 1908 259 1956 tu
278 1901 351 1955 mihi
370 1900 425 1967 vir,
446 1901 532 1957 solus
552 1907 682 1972 uterque
701 1919 819 1972 parens.

79 1993 167 2047 Nunc
177 1991 266 2046 nimis
277 1991 397 2062 ingrata
407 1997 453 2045 est
464 1989 527 2046 vita
536 1991 612 2045 haec
625 1989 706 2057 mihi,
718 2007 848 2062 namque
861 2007 915 2060 ego
926 1993 1047 2042 tantum

115 2081 229 2136 'Pecum
247 2080 352 2137 vivere
371 2096 477 2145 amem,
497 2085 601 2134 tecum
622 2080 787 2149 obeamque
807 2080 914 2135 11116116.

81 2169 253 2225 Praestabit
271 2168 393 2225 veniam
412 2169 495 2224 mitis
514 2170 589 2225 deus
608 2170 661 2225 ille
681 2170 800 2242 roganti

114 2259 326 2331 Auspiciisque
345 2259 432 2314 bonis
453 2262 586 2327 61116116,
606 2260 696 2327 dicet,
716 2279 774 2316 aas.

80 2349 180 2422 Oeyus
198 2349 257 2404 huc
277 2349 393 2404 celeres
413 2367 539 2405 manuos
560 2350 730 2406 conscende
751 2350 850 2405 viator

114 2443 216 2510 Atque
235 2457 335 2493 moras
354 2457 459 2494 omnes
478 2458 594 2511 rumpe,
614 2442 754 2513 viamque
777 2460 859 2498 vora.

80 2528 122 2583 'Pe
141 2529 223 2584 laeta
242 2529 372 2600 excipiet
392 2529 537 2602 festisque
560 2541 666 2589 ornata
686 2534 805 2590 coronis

115 2620 155 2672 Et
173 2618 288 2673 domini
309 2619 474 2675 adventum
494 2621 608 2678 sentiet
626 2623 692 2695 ipsa
710 2624 824 2679 (16111116.

78 2710 158 2763 Vota
176 2726 230 2780 ego
249 2710 420 2780 persolvam
438 2713 561 2783 templo,
581 2712 801 2783 inscribamque
822 2715 961 2784 tabellae,

113 2798 279 2871 Hippolyte
299 2799 377 2856 salvi
397 2801 536 2873 conjugis
556 2803 593 2857 ob
613 2803 752 2858 reditum.

96 3005 279 3058 Quest’elegia‚
292 3005 334 3059 gia
343 3005 494 3056 attribuite,
511 3019 582 3050 corne
598 3008 701 3051 altrove
717 3003 730 3047 ὁ
745 3008 889 3049 6666111616
900 3005 939 3055 (V.
950 3005 976 3048 16
987 3007 1041 3047 6111-

55 3068 99 3112 dio
109 3069 156 3114 che
167 3071 277 3124 precede
288 3072 316 3114 16
326 3083 449 3124 presence
461 3073 603 3125 antelogia)
615 3072 648 3114 ad
658 3072 775 3125 Ippolita
785 3071 891 3120 Torani,
904 3069 933 3112 fu
943 3069 1041 3112 scritta

53 3137 98 3180 dal
113 3137 275 3189 castiglione
290 3136 403 3180 durante
418 3137 440 3179 il
455 3149 500 3179 suo
515 3138 595 3190 lungo
611 3137 748 3190 soggiorno
766 3136 794 3178 in
810 3137 898 3185 Roma,
920 3134 1040 3178 allorche
1113 3132 1126 3215 1

52 3205 140 3259 questi
150 3203 282 3247 trovavasi
296 3215 384 3258 presso
395 3204 479 3248 Leone
492 3203 522 3256 X,
539 3204 641 3248 invicto
651 3202 696 3247 (161
709 3202 775 3246 (luca
789 3201 816 3244 di
831 3201 939 3245 Milano.
