2498 4012
318 522 370 587 IN
396 519 650 588 ALBIERAM
672 518 910 587 ALBITIAM

226 638 408 680 PUELLAM
436 636 749 678 roanoslssmau
774 635 1005 677 MORIEN‘I'EH

281 710 326 749 Al)
344 708 530 751 Slsllullnml
548 707 696 749 suumn
715 706 791 750 mus
808 705 951 750 sponsu!

478 818 642 873 (magiarum
654 816 722 870 Lib.)

142 1009 183 1065 Et
202 1008 312 1065 meritc
333 1008 414 1081 (quis
434 1006 516 1064 enim
534 1012 656 1062 tantum
674 1004 809 1077 perferre
829 1002 990 1060 delorem?

178 1103 242 1157 Aut
261 1100 330 1172 quis
345 1099 410 1170 jam
429 1098 548 1155 miseris
565 1100 718 1168 temperat
735 1112 754 1151 a
771 1092 941 1165 lachrymis
949 1093 975 1166 ?)

141 1189 200 1245 Sed
219 1194 323 1243 temen
340 1187 402 1243 heu
421 1186 536 1242 frustm
554 1182 690 1240 crudelia
708 1182 809 1239 sidera
826 1181 962 1248 damnas,

177 1276 344 1343 Sismunde‚
364 1282 395 1331 el
414 1276 528 1332 frustra
547 1272 671 1330 numina
689 1271 782 1328 surda
800 1269 908 1328 vocasl

141 1365 223 1421 Proh
242 1366 340 1421 dolor!
360 1366 398 1420 ah
417 1370 549 1437 quantos
568 1368 658 1434 rapta
676 1378 729 1434 pro
749 1359 878 1442 conjuge
899 1357 994 1417 fletus

177 1454 364 1525 Ingeminus!
384 1460 498 1527 quanto
519 1451 634 1524 perluis
655 1450 750 1506 imbre
772 1448 882 1521 ganas!

142 1541 359 1615 Sollicitasque
378 1543 488 1598 fratrcs
508 1541 712 1612 miserumque
731 1543 857 1611 parente
864 1556 902 1599 m.

177 1632 273 1703 Inque
294 1638 347 1686 luo
367 1638 433 1686 tola
451 1638 499 1688 est
517 1631 644 1688 vulnere
658 1630 746 1703 nigra
762 1631 882 1688 domus.

141 1719 235 1791 Nigra
253 1721 360 1777 domus
378 1729 444 1777 tcta
463 1729 518 1790 est,
538 1722 612 1778 flent
631 1695 742 1780 mdesti
760 1722 803 1779 ad
810 1718 918 1776 limina
937 1717 1032 1790 cives,

177 1811 269 1866 Fleut
287 1811 362 1867 socii
383 1813 525 1886 lacrymis
545 1821 576 1869 et
596 1820 650 1869 lua
668 1814 778 1869 damna
795 1811 864 1884 piis.

141 1902 209 1973 Ipse
230 1920 287 1973 ego
305 1902 358 1975 qui
377 1903 490 1960 dudum
509 1923 596 1976 reges
616 1922 725 1977 magno
745 1922 796 1960 ore
817 1902 976 1969 canebam,

176 1990 376 2060 Dardanaque
397 1992 531 2062 argolica
550 1994 697 2064 Pergama
715 1998 804 2065 repta
822 2006 935 2060 manu3

140 2080 211 2134 Heu
230 2078 276 2135 nil
295 2080 383 2135 dulce
404 2098 516 2137 sonans
535 2087 619 2137 taceo
635 2081 698 2153 jam
717 2080 800 2137 bella
817 2080 981 2151 tubasque,

176 2169 217 2222 Et
236 2167 336 2223 refero
355 2168 392 2223 ed
412 2167 513 2240 nigros
533 2169 667 2225 carmina
685 2174 803 2225 moesta
815 2183 922 2239 rogos3

139 2258 184 2312 Ac
204 2262 316 2327 tecum,
336 2256 489 2313 infaustus
508 2265 604 2325 vates,
620 2257 773 2315 consortia
790 2257 895 2312 luctus

175 2348 223 2401 En
236 2354 351 2418 repeto,
373 2353 404 2403 et
422 2349 582 2420 querulam
601 2349 722 2420 pectine
742 2349 851 2420 plango
869 2347 982 2419 lyram

141 2436 211 2503 Nec,
232 2436 398 2505 Sismunde,
418 2445 488 2493 tuos
507 2439 640 2510 gemitus
660 2454 843 2511 aegrumque
863 2436 1008 2495 delorem

176 2527 289 2581 Arceo:
310 2533 383 2583 sunl
402 2527 567 2600 lachrymis
585 2526 695 2585 funera
714 2527 807 2599 digna
825 2524 901 2597 piis;

143 2615 241 2686 Majus
260 2617 352 2672 habes
371 2617 484 2674 vulnus
503 2624 621 2674 secreto
641 2618 672 2672 in
691 2624 825 2690 pectore,
846 2633 941 2689 quam
961 2634 1025 2686 quo

176 2704 217 2759 Te
238 2705 354 2761 deceat
373 2705 507 2761 madidus
527 2724 589 2761 non
606 2705 748 2763 habuisse
767 2722 868 2777 genae.

139 2795 216 2849 Nam
235 2799 353 2867 poteras
372 2796 487 2852 dudum
507 2796 585 2851 nulli
605 2796 749 2852 invidisse
769 2795 905 2861 deorum,

173 2889 253 2941 Dum
272 2885 367 2941 subiit
388 2885 464 2942 velis
484 2904 558 2941 aura
577 2887 711 2951 secunda
730 2885 808 2942 tuis:

137 2975 233 3039 Nunc,
254 2975 306 3030 ubi
324 2974 390 3030 dira
408 2994 498 3031 suum
519 2975 617 3031 vertit
636 2976 773 3031 Fortuna
792 2980 941 3042 tenorem,

173 3064 258 3119 Uxor
277 3065 370 3129 abest,
392 3064 509 3120 animae
528 3069 627 3135 portio
648 3083 756 3136 magna
774 3070 857 3119 tuae.

137 3156 224 3210 Uxor
242 3156 335 3221 abest,
355 3157 415 3212 heu
434 3157 509 3212 heu!
529 3157 583 3211 sed
603 3158 724 3229 qualem
743 3155 829 3209 nulla
848 3153 998 3211 tulerunt

173 3243 310 3310 Saecula,
329 3247 383 3299 sed
402 3246 523 3316 qualem
542 3251 677 3317 tempora
695 3243 782 3298 nulla
799 3242 918 3297 ferent:

137 3330 201 3384 Uni
219 3329 364 3401 quicquid
382 3332 474 3387 habel
492 3334 618 3388 dederat
635 3334 752 3387 Natura
770 3328 897 3395 decoris,

172 3418 235 3474 Uni
254 3419 347 3472 eliam
366 3419 491 3475 dederat
509 3422 616 3477 Gratia
635 3420 780 3492 quicquid
799 3420 899 3474 habet.
