2498 4012
1033 293 1086 348 145

170 399 226 453 Est
244 397 362 469 cupidis
380 396 478 455 flavus
497 398 586 465 eolor,
607 403 699 454 estet
717 397 890 469 amantibus
909 405 1008 470 aptus,

205 489 245 543 Et
264 486 374 543 scortis
392 493 425 542 et
442 485 529 558 queis
547 504 616 556 spes
635 503 690 541 sua
710 481 793 542 eeita
811 486 880 542 fuit.

170 577 212 631 At
230 576 322 631 ruber
341 581 472 630 armatos
492 574 609 647 equites
630 584 758 631 exornat
777 575 916 643 amiotus,

205 664 324 721 Indieat
344 672 375 721 et
394 682 504 734 pueros
522 664 681 719 erubuisse
701 667 808 736 pudor.

170 755 335 812 Coerulous
354 761 472 820 nautas,
494 761 525 809 et
544 754 597 826 qui
616 755 760 811 eoelestia
778 761 866 811 vates

204 845 341 901 Attoniti
359 845 452 901 nimia
470 844 633 916 relligione
653 851 771 915 petunt.

170 933 251 990 Vilia
270 941 343 990 sunt
360 934 452 1006 gilvis
471 935 635 1006 nativaque
655 935 772 991 vellera
791 934 880 990 birris

207 1022 317 1090 Qualia
334 1022 504 1094 lignipedes
522 1024 659 1094 stragula
677 1024 787 1079 habere
801 1023 912 1079 solent.

172 1113 271 1179 Quem
290 1129 381 1167 aurae
399 1111 540 1183 ingentes
560 1111 706 1179 cruciant,
727 1113 777 1168 vel
796 1112 878 1168 zelus
898 1110 1017 1180 amoris,

206 1202 346 1258 Creditur
364 1201 414 1257 hie
432 1200 519 1257 fulva
538 1220 599 1261 non
618 1202 697 1258 male
717 1208 801 1258 veste
822 1201 892 1273 tegi

172 1294 316 1364 Quisquis
329 1300 412 1349 sorte
430 1312 487 1349 sua
500 1300 670 1364 contentus,
686 1293 827 1365 janthina
845 1299 954 1365 gestet,

206 1385 359 1439 Fortunae
380 1383 568 1455 aequanimis
587 1382 688 1439 taedia
706 1381 818 1454 quique
838 1382 926 1437 ferat.

170 1473 215 1529 Ut
232 1472 318 1529 varia
335 1480 382 1529 est
399 1480 511 1529 natura
530 1472 683 1528 coloribus
703 1472 734 1526 in
753 1471 922 1543 gignendis,

208 1561 257 1618 Sie
275 1560 344 1618 aliis
363 1561 455 1627 aliud,
475 1562 528 1617 sed
546 1577 603 1616 sua
622 1560 732 1630 cuique
752 1560 883 1631 placent.

587 1783 632 1835 11.

354 1936 405 2000 IN
429 1933 653 2003 STATUAM
679 1933 859 2001 AMORIS

461 2069 666 2121 (Emblematum
685 2068 751 2122 Lib.)

138 2229 214 2297 Quis
233 2228 274 2284 sit
292 2231 387 2284 Amor
404 2230 507 2300 plures
530 2229 601 2284 olim
621 2229 757 2284 cecinere
778 2234 895 2299 poetae,

173 2318 247 2388 Ejus
266 2316 319 2389 qui
338 2317 423 2372 vario
443 2318 564 2373 nomine
584 2325 670 2389 gesta
688 2317 800 2372 ferunt.

138 2406 290 2462 Convenit
308 2407 374 2473 hoe,
394 2408 475 2479 quod
493 2415 577 2463 veste
597 2413 691 2476 earet,
712 2407 792 2478 quod
811 2423 936 2478 corpore
954 2424 1066 2477 parvus

174 2497 255 2562 Tela,
276 2497 399 2569 alasque
419 2496 529 2567 ferens,
550 2497 668 2552 lumina
685 2496 772 2551 nulla
790 2502 885 2551 tenet.

138 2586 222 2641 Haeo
242 2603 302 2652 ora,
322 2586 371 2640 hie
390 2585 571 2658 habitusque
592 2585 650 2641 Dei
669 2592 723 2651 est,
742 2585 795 2640 sed
815 2585 915 2641 dieere
935 2590 1039 2640 tantos

173 2675 205 2732 Si
222 2675 296 2732 lieet
315 2676 347 2729 in
365 2683 458 2742 vates,
477 2673 557 2731 falsa
574 2676 698 2731 subesse
717 2693 795 2730 reor.

138 2768 179 2822 Et
198 2785 253 2821 cur
271 2767 371 2821 nudus
390 2765 480 2837 agat?
498 2765 576 2820 Divo
596 2764 683 2836 quasi
702 2764 795 2834 pallia
813 2763 923 2829 desint,

173 2855 234 2923 Qui
253 2861 380 2911 cunetas
398 2853 506 2908 domiti
525 2852 659 2924 possidet
679 2852 760 2907 or'bis
780 2869 860 2923 opes.

137 2948 201 3000 Aut
220 2945 279 3016 qui,
301 2960 421 3015 quaeso,
441 2942 528 2997 nives
547 2944 734 3012 Boreamque
758 2940 888 2995 evadere
907 2939 1007 2994 nudus

174 3033 319 3103 Alpinum
336 3033 437 3104 potuit
455 3032 624 3101 strictaque
643 3035 732 3100 prata
749 3028 841 3100 gelu?

139 3123 170 3178 Si
187 3139 263 3193 puer
282 3129 336 3185 est,
356 3139 527 3192 puerumne
547 3138 639 3176 vocas
659 3118 712 3190 qui
730 3119 860 3172 Nestora
879 3116 995 3173 vineit?

176 3214 224 3268 An
243 3210 324 3265 nosti
342 3211 469 3266 Ascraei
489 3209 624 3265 earmina
642 3209 733 3263 docta
752 3206 852 3262 senis?

139 3301 320 3355 Inconstans
339 3317 416 3370 puer
433 3299 492 3368 hie,
513 3299 664 3353 obdurans
683 3302 808 3367 pectora
826 3314 902 3368 quae
920 3296 982 3369 jam

174 3387 353 3454 Transadiit‚
373 3405 530 3460 nunquam
549 3387 686 3457 linquere
706 3391 815 3456 sponte
835 3391 945 3456 potest.

138 3478 181 3534 At
199 3476 356 3546 pharetras
375 3483 407 3532 et
425 3478 486 3532 tela
504 3475 591 3548 gerit,
612 3473 685 3547 quid
703 3473 814 3530 inutile
833 3475 971 3546 pondus?

175 3569 224 3624 An
244 3584 370 3624 curvare
389 3565 491 3623 infans
510 3582 624 3621 eornua
642 3564 718 3620 dura
735 3563 840 3622 valet?

153 3812 182 3857 10
195 3834 221 3844 -
235 3809 323 3857 com.
339 3809 397 3858 Ant.
413 3811 476 3857 alla
492 3813 564 3858 lirion
581 3812 671 3858 latina.
