2572 4020
561 396 564 401 ·
652 361 714 414 111.

618 497 733 564 ves
834 479 900 509 ⁹

551 619 713 672 (Garminun'r
727 620 795 675 Lib.)

167 779 239 837 Jam
257 779 343 836 venit
361 781 423 837 Ver
440 798 626 851 purpureum
641 780 824 852 juvenisque
844 788 1003 838 revertens

166 871 274 926 Annus
292 869 356 942 egit
374 869 519 941 Zephiros
538 877 569 926 et
588 871 674 926 coelo
693 871 823 941 desuper
841 871 904 927 alto

166 957 305 1013 Deducet
322 958 412 1028 pleno
430 957 578 1028 genitalia
595 957 712 1013 semina
731 976 843 1014 cornu:

166 1046 255 1102 Unde
266 1045 424 1102 hominurn
436 1063 531 1117 genus
551 1052 583 1102 et
601 1046 760 1117 pecudum,
773 1046 917 1118 vitaeque
936 1053 1100 1104 natantum

165 1136 207 1191 Et
225 1135 324 1206 pictae
342 1135 483 1191 volucres
502 1142 534 1190 et
552 1141 690 1191 amantes
709 1135 828 1191 roscida
845 1136 969 1206 plantae

165 1224 202 1279 In
221 1225 371 1280 Venerem
391 1240 481 1278 caeco
500 1224 618 1279 aeterni
636 1223 799 1295 rapiuntur
817 1241 929 1280 amore.

163 1312 311 1380 Gaudete,
331 1328 349 1366 o
367 1310 550 1384 quicumque
571 1313 684 1367 bonum
702 1305 840 1383 speratis,
860 1317 1005 1383 agrestes

164 1404 301 1471 Quorum
320 1419 406 1456 amor
425 1407 473 1457 est
490 1400 611 1468 sobolis,
630 1402 828 1474 studiumque
847 1400 1010 1472 nepotibus
1028 1421 1105 1460 arva

163 1489 303 1545 Incolere
322 1494 356 1543 et
374 1496 483 1558 parvas
500 1487 593 1543 ulmis
611 1488 755 1543 attollere
773 1487 868 1543 vites:

164 1579 279 1645 Annus,
297 1577 336 1644 io,
354 1594 454 1633 novus
472 1595 571 1633 annus
589 1577 691 1647 adest;
709 1583 847 1633 mutatur
866 1583 898 1632 et
915 1583 1001 1634 aetas

163 1668 205 1723 Et
222 1667 350 1723 meliora
367 1685 446 1723 novo
465 1673 635 1722 nascuntur
653 1668 777 1723 saecula
795 1668 924 1723 mundo:

162 1757 251 1812 Bella
267 1761 355 1829 pater
373 1755 485 1827 procul
505 1762 537 1810 et
554 1753 635 1810 diras
653 1756 803 1811 Saturnus
821 1755 952 1812 Erinnes

162 1845 291 1904 Arcebit
310 1863 379 1902 caro
400 1863 416 1901 e
436 1843 524 1900 Latio
543 1862 579 1898 ac
597 1845 653 1900 sub
673 1844 801 1901 Tartara
818 1844 930 1901 mittet

162 1937 240 1991 Tum
259 1937 372 1992 Letum
390 1941 421 1989 et
440 1951 547 1989 caecus
565 1934 664 1988 Furor
682 1940 714 1988 et
732 1951 845 1990 vesana
864 1933 980 2005 Cupido

161 2024 326 2096 Perpetuis
345 2029 433 2078 extra
452 2028 549 2077 terras
568 2021 696 2094 religata
714 2023 831 2078 catenis

159 2113 340 2168 Persolvent
358 2129 472 2183 poenas
490 2111 654 2166 scelerum:
673 2117 706 2166 at
724 2112 789 2166 Pax
808 2111 871 2166 alta
889 2128 944 2182 per
965 2128 1109 2166 omnem.

158 2201 282 2257 Italiam
299 2218 407 2272 magno
427 2200 555 2272 populos
573 2201 629 2257 sub
649 2201 776 2256 Caesam
796 2200 885 2256 viset.

159 2291 217 2346 Ille
236 2296 341 2346 autem
358 2288 485 2360 insignis
504 2288 610 2360 spoliis
628 2296 661 2344 et
679 2289 762 2345 mille
782 2288 938 2360 trophaeis

158 2379 306 2436 Instituet
323 2378 416 2434 festos
435 2377 500 2434 alta
516 2379 554 2432 ad
573 2378 723 2449 Capitolia
741 2379 840 2435 ludos.

157 2463 257 2519 Stabit
274 2469 386 2519 onusta
403 2461 519 2533 ingens,
539 2462 660 2534 'Perpeji
679 2463 716 2518 ad
735 2463 843 2518 limina
860 2464 968 2537 templi
1067 2520 1070 2525 ,

157 2552 295 2619 Quercus
314 2550 429 2605 honore
448 2568 535 2606 sacra
554 2555 585 2604 et
602 2551 787 2622 praenuntia
804 2553 949 2625 temporis
967 2551 1062 2609 aurei.

158 2640 236 2695 'lum
254 2656 362 2695 vescae
381 2639 520 2710 glandes:
539 2644 606 2693 tum
625 2644 707 2695 terra
725 2647 834 2710 sponte
853 2639 974 2696 ferente

156 2727 273 2794 Omnia,
293 2726 484 2798 comparibus
503 2725 658 2798 disiungat
678 2727 758 2783 colla
773 2728 916 2799 juvencis

154 2817 306 2889 Agricola,
326 2822 358 2871 et
377 2815 503 2871 rudibus
522 2815 683 2872 mirabitur
702 2816 817 2873 hordea
835 2816 931 2874 sulcis

155 2906 267 2977 Sponte
286 2904 406 2960 adolere
426 2921 490 2971 sue,
508 2910 541 2960 et
559 2904 645 2960 nullo
662 2903 819 2961 frumenta
838 2907 945 2962 colono

152 2995 330 3052 Un'dantem
347 2993 438 3049 laetis
456 2999 593 3065 segetem
612 2992 777 3050 flavescere
798 2994 919 3066 campis.

153 3082 301 3139 Noctibus
319 3083 352 3137 in
371 3082 465 3140 silvas
485 3089 517 3138 et
535 3083 641 3138 mollia
658 3090 746 3155 prata
765 3083 883 3140 serenis

153 3172 300 3228 Aetherio
320 3173 442 3228 dulcem
462 3173 660 3231 commixtum
677 3182 802 3232 nectare
822 3193 921 3231 rorem
981 3167 984 3172 ⁵

153 3261 279 3317 Sudabit
298 3262 429 3318 coelum:
449 3269 557 3320 tenera
575 3264 628 3337 qui
646 3266 745 3323 lectus
762 3267 800 3322 ab
819 3267 914 3322 herba

153 3349 300 3405 Mortales
318 3356 439 3406 saturet
456 3369 561 3407 mensa
579 3353 766 3424 dapibusque
785 3355 927 3411 Deorum.

153 3437 252 3504 Salve,
273 3456 382 3510 magne
403 3440 504 3512 Tybri.
525 3447 556 3495 et
574 3459 637 3508 vos,
656 3449 745 3498 natae
766 3443 906 3516 Tybride‚
925 3443 1091 3516 Nymphae,

154 3524 271 3597 Tuque,
290 3543 385 3583 senex
402 3535 488 3601 peter
505 3530 644 3602 Eridane,
665 3539 697 3588 et
716 3531 769 3603 qui
787 3532 912 3590 flumine
932 3533 1032 3590 'Fusco
