2498 4012
132 268 168 324 18

149 373 227 428 Tum
245 371 272 426 si
290 371 403 426 blanda
420 370 496 424 meis
516 368 623 423 venias
643 367 804 422 retinenda
820 365 953 433 lacertis,

184 464 268 529 Quos
286 461 343 516 tibi
361 461 430 515 dem
450 459 614 530 amplexus.
634 459 753 527 Loutia,
772 473 889 527 quosve
906 455 1007 511 dabis!

149 551 192 606 Te
211 569 250 605 ne
270 569 326 621 ego
344 550 371 605 si
390 556 521 603 teneam.
541 548 647 619 quales
666 563 733 600 mea
750 545 869 609 Lautia,
888 551 992 600 motus

184 638 360 710 Expediam,
380 638 429 691 vel
449 644 527 706 quot
544 637 602 692 sim
621 636 705 692 farus
723 635 787 706 ipse
806 634 920 690 modis!

151 730 239 786 Molli
258 728 420 782 Pharitaeo
440 726 569 798 spirabit
586 728 688 781 leot-us
706 724 807 792 odore,

185 819 284 884 Quem
303 818 356 872 dat
375 817 501 871 Pellaeo
521 816 645 871 condita
663 822 747 870 terra
764 813 850 870 duee.

151 908 263 962 Lintea
279 907 435 963 sudabunt
453 922 577 961 roseum
595 905 720 976 perfusa
736 904 899 976 liquorem,

186 993 416 1067 Myrteolaeque
435 992 512 1047 fluet
530 991 652 1047 lucidus
670 992 779 1048 humor
796 1009 900 1065 aquae.

151 1087 276 1140 Interea
293 1086 432 1153 miscere,
452 1101 536 1156 puer,
555 1101 594 1137 ne
613 1082 718 1138 desine
736 1083 891 1138 Baoohrm

186 1176 321 1246 Saepius.
340 1182 432 1247 atque
452 1175 521 1230 aliis
539 1174 660 1229 demere
680 1173 785 1228 vinela
803 1173 894 1229 aedis

152 1265 243 1320 Senio
262 1266 356 1330 adest,
376 1264 561 1336 rabidusque
581 1263 672 1329 oaniS,
693 1280 790 1319 venus
808 1278 902 1316 aurea
920 1261 993 1332 cuja
1012 1261 1077 1317 est?

187 1354 293 1408 Aroeli
310 1353 470 1409 arbitrium
488 1359 519 1407 te
538 1368 630 1422 penes
649 1367 737 1405 omne
755 1350 839 1405 meri

152 1441 210 1497 Ille
229 1460 339 1498 novem
358 1442 486 1515 cyathos
505 1458 661 1495 musarum
679 1440 781 1495 laetus
799 1439 912 1494 honore

190 1531 301 1586 Ebibat
319 1532 369 1586 hio
393 1530 532 1586 Charites
552 1529 816 1601 tergeminumque
836 1527 975 1583 chorum.

156 1621 214 1675 Ille
232 1640 305 1676 suae
326 1627 412 1692 potet
430 1621 559 1675 dilectae
581 1618 667 1672 basia
684 1618 826 1690 nimphae

190 1712 230 1764 Et
249 1712 330 1765 laeto
350 1709 486 1765 absentis
504 1729 616 1765 nomen
635 1710 667 1764 in
686 1728 736 1765 ore
755 1717 850 1765 sonet.

153 1800 285 1855 Lusibus
303 1800 350 1856 his
369 1819 440 1854 nam
458 1801 570 1871 gaudet
590 1801 703 1872 hyeme,
722 1800 769 1853 his
789 1801 870 1854 laeta
888 1800 1020 1854 terenda
1039 1807 1085 1856 est

188 1893 315 1960 Bruma3
334 1892 420 1947 venit
439 1891 543 1961 rapido
565 1909 645 1945 mors
665 1889 790 1959 inopina
806 1887 893 1959 pede.

600 2151 654 2202 VI.

263 2299 490 2368 TUMULUS
512 2301 691 2368 LUOiAE
724 2302 983 2371 PONTANAE

468 2440 657 2494 (Tumulorum,
674 2440 730 2485 Lib.
748 2440 783 2492 11.)

155 2594 288 2666 Liquisti
304 2606 423 2670 patrem
444 2600 475 2654 in
499 2599 644 2665 banebria,
665 2616 733 2653 mea
751 2599 855 2667 Lucia,
874 2607 1047 2672 postquam

190 2685 214 2736 Ε
234 2684 303 2739 luae
323 2686 355 2741 in
374 2688 526 2754 tenebras,
548 2686 619 2752 filia,
640 2694 727 2758 rapta
746 2687 821 2742 mihi
840 2705 879 2743 es.

156 2771 214 2826 Sed
226 2790 325 2845 neque
345 2782 380 2829 tu
398 2775 430 2829 in
449 2777 591 2831 tenebras
610 2783 696 2846 rapta
714 2795 760 2845 es;
778 2777 851 2848 quin
869 2776 937 2847 ipsa
949 2783 1097 2838 tenebras

190 2863 323 2934 Liquisti
342 2871 373 2919 et
392 2865 491 2920 medio
510 2864 613 2919 lueida
631 2867 696 2920 sole
715 2865 815 2920 micas.

156 2950 246 3006 Coelo
266 2959 421 3030 tenutam
440 2954 571 3024 espici03
592 2972 672 3021 num,
692 2962 773 3021 nata,
793 2961 954 3025 parentem

190 3042 334 3112 Aspicis?
352 3060 391 3096 an
410 3042 499 3114 fingit
517 3044 593 3098 haee
613 3043 672 3098 sibi
690 3062 770 3100 vana
787 3044 896 3115 pater?

158 3130 297 3184 Solamen
317 3131 426 3187 mortis
445 3132 584 3197 miserae,
603 3138 643 3199 te,
666 3139 748 3200 nata,
768 3134 945 3204 sepulcrum

190 3219 257 3272 Hoc
278 3220 364 3288 tegit,
384 3221 464 3276 haud
485 3221 582 3276 cineri
601 3240 709 3277 sensus
727 3223 828 3277 inesse
847 3229 961 3292 potest

159 3305 187 3358 Si
207 3325 268 3377 qua
286 3314 390 3361 tamen
408 3311 443 3364 de
465 3316 495 3365 te
516 3319 642 3381 superat
660 3328 737 3381 pare,
758 3317 837 3376 nata,
857 3309 957 3370 fatere

194 3395 330 3449 Felicem
352 3413 442 3464 quam
461 3405 491 3453 te
511 3401 609 3471 prima
624 3400 754 3470 juventa
772 3401 859 3470 rapit.

159 3485 200 3537 At
218 3501 274 3537 nos
293 3484 325 3537 in
344 3486 477 3540 tenebris
496 3489 591 3544 vitam
609 3489 771 3562 luctusque
792 3489 959 3565 trahemus,

193 3574 261 3629 Hoo
279 3575 412 3645 pretium
430 3580 511 3649 patri
530 3579 593 3635 filia
613 3599 704 3653 quam
723 3580 826 3652 genui.
