2498 4012
221 390 262 444 Et
280 387 404 455 salbans,
418 376 572 455 Veneres,
592 388 718 458 Focille,
739 389 843 445 salbas.

222 481 353 534 Demum
370 483 443 533 sunt
464 479 607 545 Veneres,
627 477 754 544 Focille,
774 478 903 550 quiquid

221 565 384 635 Ludisque,
405 572 437 623 et
457 566 600 638 loqueris,
619 566 766 638 focisque,
785 568 923 641 agisque,

222 659 263 711 Et
283 674 353 711 cum
370 656 486 712 nudula
505 657 621 712 lectulo
642 655 803 724 recumbis,

221 747 307 800 Inter
326 745 452 801 delicias
472 745 684 819 libidinesque,

223 834 309 890 Tunc
328 853 440 891 nones
459 837 604 903 Veneres,
625 838 731 894 Venus
751 837 808 892 sed
829 836 910 907 ipsa:

223 925 335 992 Venus,
354 943 393 981 ne
412 925 529 992 dubita,
550 927 678 993 Focille,
700 933 774 982 tunc
793 944 834 981 es.

551 1156 626 1211 ΧΙΙ.

422 1297 490 1363 AD
514 1295 759 1375 FOGILLAM

458 1431 603 1487 (Bujurum,
619 1431 676 1477 Lib.
688 1432 726 1485 ιι.)

226 1592 371 1651 Lascivos
391 1591 468 1647 mele
489 1597 640 1663 temperas
658 1593 779 1658 ocellos

227 1683 290 1738 Nec
307 1689 430 1740 nostrae
451 1680 578 1736 miseret
599 1687 704 1737 temen
722 1687 879 1753 senecte03

228 1771 433 1839 Quentnmvis
448 1771 581 1843 juvenes
600 1788 676 1838 ome,
695 1770 837 1841 foveque,

226 1865 307 1918 Dum
325 1880 362 1918 ne
384 1880 432 1917 me
449 1861 550 1933 fugies
568 1878 681 1927 senem,
700 1858 817 1931 puellc3

227 1953 330 2025 Atque
348 1953 403 2008 hos
423 1958 515 2025 abque
535 1950 611 2006 elios
630 1967 723 2019 ames,
743 1947 858 2015 licebit,

227 2045 308 2099 Dum
325 2059 364 2097 ne
384 2059 432 2096 me
451 2040 584 2113 abjicias,
603 2039 714 2111 puella,
735 2044 896 2094 ementem.

229 2132 306 2188 Nolo
326 2131 452 2190 delicies
471 2131 683 2203 libidinesque,

228 2223 375 2280 Lascivos
394 2224 499 2278 oculos
518 2222 599 2288 vole,
619 2236 796 2292 precorque.

227 2314 374 2371 Lascivos
392 2313 514 2386 quoties
533 2310 670 2366 reflectis
689 2310 721 2365 in
740 2327 797 2376 me,

231 2408 272 2461 Ec
290 2405 371 2462 rides
390 2404 491 2472 simul,
512 2408 544 2457 ot
561 2403 655 2468 doles,
675 2399 798 2466 ocellos,

229 2493 362 2565 inspiras
377 2494 499 2566 juvenis
519 2493 593 2549 mihi
613 2494 755 2566 vigorem.

230 2583 310 2650 Quin
330 2602 450 2639 omnem
468 2584 559 2640 simul
580 2601 657 2639 exuo
677 2588 845 2646 senectam,

230 2674 261 2729 Si
279 2679 327 2730 ber
344 2674 461 2742 blande,
481 2672 607 2743 Focilla,
627 2671 784 2739 suavioris,

230 2765 261 2821 Si
279 2764 416 2837 linguam
435 2770 542 2819 tenero
561 2764 607 2819 bis
628 2782 678 2820 ore
700 2762 793 2834 sugis,

232 2856 263 2912 Si
283 2855 361 2911 collo
382 2872 504 2926 quoque
525 2855 707 2926 complicata
728 2853 850 2923 pendes.

552 3087 644 3138 XIII·

362 3223 429 3291 AD
454 3229 492 3292 P.
511 3222 834 3290 SUMMONTIUM

465 3356 611 3413 (Bejerum,
628 3357 685 3402 Lib.
695 3355 732 3408 ιι.)

235 3522 328 3578 Ducit
346 3523 420 3576 dum
440 3519 565 3574 choreas
583 3517 709 3587 Neaera,
729 3516 874 3585 linquunt

237 3613 278 3666 Ec
296 3618 383 3687 prata
403 3616 435 3666 eb
453 3609 566 3665 virides
585 3628 673 3682 egros
691 3611 821 3685 Napeae.
