2498 4012
1086 285 1103 337 9

148 386 226 452 Quid
246 386 351 443 docuit
369 385 500 460 Lybicos
519 386 640 441 domino
660 386 731 441 dare
751 385 830 440 colla
848 385 987 441 Leones?

184 476 265 543 Quid
283 477 366 544 facit,
385 481 422 532 ut
439 476 552 542 redeat,
573 494 642 531 cum
661 475 737 531 citat
756 476 835 530 alter
854 475 963 532 avem?

148 566 257 622 Omnia
275 572 394 622 maturo
413 572 534 638 tempus
552 564 694 636 producit
711 565 744 619 in
763 582 847 633 aevo,

182 657 225 710 Et
243 656 324 728 quod
340 673 402 711 non
421 671 527 727 posses
540 654 668 721 credere,
688 660 806 725 tempus
825 653 897 724 agit.

144 743 234 810 Quod
251 761 408 817 nunquam
426 745 522 813 rebar,
543 742 610 798 fieri
629 743 710 816 quod
728 760 816 814 posse
835 742 991 813 negabam,

179 832 267 898 Quod
284 850 353 904 spes
371 833 458 889 nulla
476 834 575 899 dabat,
595 833 686 904 longa
705 833 758 888 dat
777 849 847 888 ecce
869 832 940 888 dies.

143 921 223 976 Ecce
243 922 328 978 sedet
346 923 469 994 gremio,
491 923 598 978 mediis
613 923 696 994 jacet
714 941 786 978 ecce
808 922 940 978 lacertis

181 1013 223 1066 Et
242 1013 333 1067 cubat
350 1012 383 1066 in
401 1012 502 1083 tepido
520 1017 625 1067 nostra
643 1013 747 1084 puella
765 1013 842 1068 sinu.

144 1100 231 1154 Haec
251 1107 305 1168 est,
325 1118 402 1172 quae
421 1100 536 1156 totiens
555 1107 686 1156 mortem
701 1101 818 1172 juravit
835 1102 957 1166 amanti,

179 1190 266 1256 Quae
284 1190 385 1247 voluit
403 1190 517 1247 totiens
536 1191 567 1245 in
589 1196 680 1262 caput
699 1191 742 1246 ire
761 1209 871 1246 meum.

143 1281 212 1336 Non
229 1281 312 1345 haec,
333 1297 402 1334 cum
421 1279 499 1335 vidit
517 1280 635 1352 laqueis
653 1280 832 1336 subnectere
854 1281 941 1348 colla,

180 1371 257 1426 Cum
276 1387 380 1425 ensem
398 1369 476 1426 vidit
494 1369 651 1441 stringere,
672 1369 770 1424 tristis
789 1376 861 1426 erat.

142 1459 274 1515 Ridebat
291 1458 448 1531 lacrymae,
468 1457 601 1528 gemitus
620 1457 739 1514 ridebat
758 1475 884 1525 amaros

179 1549 219 1602 Et
237 1564 305 1602 mea
323 1547 485 1617 spernebat
504 1547 646 1614 carmina,
665 1547 752 1613 dona,
771 1565 892 1618 preces.¹

141 1637 168 1693 A
182 1637 262 1692 Cane
282 1641 393 1691 vexato
412 1635 472 1690 fuit
491 1635 566 1692 haec
585 1637 791 1693 truculentior
811 1638 899 1708 Apro,

177 1729 261 1782 Haec
282 1734 313 1782 et
332 1727 463 1782 calfacto
482 1727 600 1783 saevior
619 1730 726 1799 Angue
746 1727 814 1783 fuit.

140 1817 229 1870 Nunc
248 1833 295 1869 me
315 1816 455 1887 suspirat,
474 1815 511 1870 de
530 1834 577 1870 me
596 1834 678 1872 nunc
699 1817 820 1887 cogitat,
840 1816 888 1870 illi

175 1906 264 1960 Nunc
283 1904 347 1959 sinc
366 1922 415 1959 me
433 1923 494 1959 nox
514 1911 569 1973 est,
589 1924 671 1960 nuno
692 1912 725 1960 ct
744 1923 845 1960 amara
863 1905 937 1959 dies,

140 1995 254 2066 Sponte
274 1994 333 2060 dat,
353 2000 383 2048 et
402 1994 498 2065 majus
517 1994 598 2064 quod
616 1995 713 2049 multo
733 2001 789 2063 est,
810 2012 901 2066 cogor
919 1994 957 2048 ad
976 2000 1080 2049 artem.

175 2085 287 2156 Sponte
307 2084 516 2141 intermissum
535 2103 625 2156 saepe
644 2085 779 2157 reposcit
798 2104 881 2156 opus.
1139 2101 1152 2172 Ι

140 2175 221 2244 Ergo
242 2192 297 2244 ego
317 2191 385 2228 sum
402 2173 496 2228 foelix
505 2160 587 2261 {Iove
601 2192 668 2230 sum
687 2174 827 2229 foelicior
846 2174 919 2246 ipsc,
1149 2150 1165 2213 )

173 2255 287 2318 Audiat
305 2267 362 2317 hoc
381 2263 527 2332 quamvis,
547 2263 744 2335 invideatque
765 2262 847 2318 licet.
950 2315 953 2320 .

138 2356 206 2409 Hoc
225 2353 318 2408 etiam
338 2361 385 2408 ast
403 2353 518 2426 aliquid
536 2353 636 2424 potior
653 2356 721 2424 post
741 2353 823 2408 mille
844 2355 969 2422 labores,

175 2443 268 2514 Saepe
285 2441 416 2514 fatigato
436 2443 504 2512 plus
523 2442 625 2512 placet
644 2459 695 2497 ore
716 2440 811 2496 cibus.

139 2529 199 2596 Qui
218 2530 297 2584 mala
316 2535 389 2584 sunt
408 2530 497 2600 passi,
517 2547 594 2602 quae
613 2529 676 2584 sint
694 2531 773 2584 bona
791 2546 916 2585 noscere
937 2536 1078 2601 possunt,

173 2621 277 2675 Ardua
294 2620 347 2692 qui
365 2618 488 2675 fuerant
506 2635 558 2689 par
577 2620 651 2687 loca,
672 2619 762 2690 plana
780 2619 899 2675 volunt.

138 2709 216 2764 Tum
234 2709 333 2779 sapiet
351 2707 465 2772 vinum,
485 2726 554 2762 cum
572 2714 787 2779 praegustatur
806 2713 936 2767 acetum,

174 2798 320 2869 Felleque
340 2796 443 2862 libate,
462 2795 564 2851 dulcia
582 2797 674 2851 mella
690 2797 810 2867 juvant.

137 2886 249 2941 'Pristis
269 2903 351 2940 eram
369 2886 529 2956 quondam,
549 2903 681 2957 curaque
700 2886 860 2955 premebar
878 2903 979 2938 amara

174 2977 262 3030 Nunc
281 2993 337 3046 ego
356 2991 423 3029 sum
441 2975 549 3040 laetae,
569 2992 701 3043 curaque
720 2975 806 3028 nulla
824 2973 944 3044 premit,

136 3066 242 3135 Longa
260 3064 324 3118 dies
344 3063 428 3118 dedit
446 3063 513 3131 hoc,
533 3063 618 3117 dedit
634 3063 691 3117 hoc
705 3062 856 3133 patientia
873 3061 968 3125 nobis,

173 3153 350 3209 Cunctando
369 3152 464 3206 foelix
483 3152 584 3206 exitus
604 3151 668 3222 ipse
686 3150 756 3206 fuit.

135 3242 259 3299 Difficili
281 3254 311 3296 et
329 3242 404 3296 duro
424 3241 669 3311 namo-desperet
689 3238 793 3303 amori,

170 3332 210 3397 Si,
230 3333 310 3404 quod
329 3338 417 3391 amat,
441 3330 509 3400 quis
529 3329 606 3395 vult,
627 3329 724 3384 discat
744 3347 843 3383 amara
864 3329 926 3383 diu.
