2498 4012
1058 301 1110 356 123

188 392 316 462 Benace,
337 395 369 450 in
387 404 490 451 nostro
509 387 657 468 placidus
673 398 837 469 perlaberis
856 417 937 472 agro.

189 488 303 560 nuque,
322 489 456 555 Athesis,
476 490 641 562 cunctique
661 508 766 545 amnes
784 491 901 547 salvete
921 491 1035 563 Latini,

189 578 300 651 Diique
321 596 427 635 omnes
446 596 573 650 magnae
592 580 769 652 Hesperiae,
789 580 843 650 qui
860 583 983 639 saecula
1001 582 1060 638 soli

184 671 287 724 Aurea
305 666 428 724 Saturni
446 668 543 739 primo
562 668 744 726 meministis
763 670 800 724 ab
818 687 908 726 aevo:

185 758 287 823 Quum
306 773 392 828 sepes
411 757 461 812 vel
478 757 567 812 limes
587 759 685 814 adhuc
705 758 915 815 communibus
933 760 1013 832 agris

182 847 251 901 Non
269 844 350 900 foret
368 852 423 901 aut
440 845 498 900 ulli
516 846 671 902 variarent
686 845 796 918 jugera
815 847 907 918 sulci;

185 936 296 1006 Sponte
317 954 373 992 sua
391 935 444 990 sed
462 942 545 991 terra
563 934 649 991 ferax
668 938 754 993 daret
773 935 874 992 omnia
892 942 923 992 et
941 936 1022 1008 ipsae

180 1023 365 1079 Praeberent
383 1022 465 1079 dulci
487 1023 606 1079 victum
624 1025 661 1080 de
681 1025 788 1080 robore
807 1025 942 1096 glandes.

183 1177 319 1244 Quarum
337 1196 407 1250 pars
424 1179 551 1234 brumae
570 1177 732 1249 impatiens
752 1184 784 1235 et
803 1179 924 1234 condita
942 1186 1042 1238 torrae

178 1267 334 1338 Expectat
352 1285 406 1324 ver
423 1268 576 1340 egelidum
595 1269 746 1341 flatusque
766 1270 897 1334 Favoni,

178 1356 253 1412 Pars
271 1375 396 1429 passura
414 1357 554 1425 hiemem,
574 1358 658 1414 laeta
676 1358 713 1413 ab
732 1357 832 1413 radice
852 1343 985 1427 virescit,

176 1446 361 1517 Emittitque
382 1466 499 1503 comam
518 1448 711 1518 siculumque
732 1454 820 1521 atque
841 1448 938 1503 altera
956 1448 1028 1505 beta

174 1538 277 1608 Atque
295 1537 340 1592 ari
358 1537 471 1594 virides
489 1544 522 1593 et
541 1537 708 1592 odoriferae
728 1536 930 1591 calaminthae

174 1626 274 1697 Atque
295 1626 371 1692 olus,
390 1632 480 1698 atque
499 1644 605 1681 rumex
625 1633 655 1680 et
673 1625 745 1681 falsi
762 1625 898 1697 gramina
917 1625 1047 1681 crithini

177 1713 260 1780 Quas
278 1713 360 1768 inter
378 1731 487 1771 suaves
507 1714 675 1787 mollesque
695 1714 809 1784 aspirat
828 1715 934 1769 odores
960 1776 967 1786 ¹

173 1802 261 1857 Nunc
280 1802 372 1857 decus
389 1801 555 1871 hortorum,
575 1810 693 1858 menta:
714 1810 753 1869 at,
774 1801 801 1859 si
820 1821 894 1859 vera
911 1802 1081 1875 loquuntur

172 1889 380 1962 Nympharum
399 1891 551 1963 quondam
569 1891 774 1962 pulcherrima
792 1891 1038 1962 Grajugenarum‚

171 1980 249 2035 'l'um
263 1980 353 2051 juvat
371 1987 402 2036 et
421 1981 544 2036 frondes
562 1981 623 2052 apii
642 1988 674 2036 et
692 1981 852 2054 sisymbria
870 1983 951 2036 laeta

171 2069 342 2140 intubaque
362 2076 395 2125 et
415 2075 480 2125 toto
498 2069 641 2125 florentes
660 2069 772 2142 frigore
791 2070 920 2127 sonchos

168 2157 306 2213 incolere
325 2165 416 2230 atque
441 2158 539 2214 hortis
558 2159 743 2231 Aquilonem
762 2177 866 2216 arcere
885 2164 1058 2215 nocentem.

168 2299 235 2353 Nox
254 2299 340 2354 venit
359 2306 390 2356 et
407 2306 512 2372 pastae
533 2303 664 2358 redeunt
683 2305 720 2360 ad
738 2310 822 2359 tecta
840 2305 985 2376 capellae.

166 2387 243 2443 Prae
263 2388 403 2462 caperit,
423 2390 474 2446 cui
492 2392 585 2446 barba
599 2391 694 2463 jubat,
716 2392 766 2448 cui
785 2411 899 2448 cornua
917 2393 1052 2465 pendent

165 2475 284 2532 Intorta
303 2487 334 2533 et
351 2480 481 2548 grandes
500 2480 581 2536 olido
600 2482 637 2537 de
657 2490 893 2554 corporesetae.

164 2568 246 2622 Pone
265 2585 388 2639 gregem
407 2568 557 2642 reliquum
578 2572 735 2643 compellit
753 2572 900 2628 arundine
921 2571 1007 2643 virgo

163 2659 275 2728 Upilio,
295 2661 393 2715 multo
414 2668 570 2717 armantur
591 2663 640 2718 cui
660 2664 762 2719 baltea
781 2663 860 2720 fuso.

163 2749 205 2803 At
223 2755 322 2804 mater
340 2749 499 2819 longaeva,
520 2752 583 2824 igni
602 2754 673 2808 dum
693 2755 825 2811 brassica
843 2753 944 2811 fervet

164 2834 298 2892 Mulctra
317 2835 405 2892 effert
423 2839 611 2913 gravidoque
633 2859 739 2896 recens
758 2841 806 2896 lac
825 2843 918 2898 ubere
938 2842 1063 2912 mulget.

162 2923 310 2980 Rusticus
329 2925 447 2982 interea
465 2927 586 2999 pinguis
606 2931 752 2984 collector
771 2930 869 2986 olivae

162 3013 286 3068 Interea
305 3019 336 3070 et
355 3015 472 3072 validus
490 3019 588 3087 prima
607 3019 643 3072 de
663 3026 754 3073 nocte
773 3018 923 3073 bubulcus

158 3102 318 3159 Advenere
338 3104 475 3160 domum:
497 3113 641 3177 congesta
660 3113 727 3162 tum
745 3104 832 3162 focus
852 3124 925 3163 orno

158 3190 289 3262 ingenti,
309 3193 458 3267 antiago,
478 3195 529 3250 vel
547 3194 695 3266 fragmine
715 3195 839 3265 roboris,
859 3196 954 3251 ardet.

158 3279 325 3335 Tollantur
342 3281 442 3338 laetae
461 3282 608 3355 flammae,
628 3284 750 3355 lateque
770 3283 918 3340 relucent.

157 3422 200 3476 At
218 3439 341 3478 nemora
359 3430 389 3479 et
407 3422 530 3495 liquidis
548 3422 704 3477 manantia
723 3423 860 3480 fontibus
878 3441 951 3480 arva

156 3511 197 3564 Et
214 3509 351 3581 placidus
371 3520 504 3586 myrteta
522 3514 603 3569 inter
621 3513 782 3586 laurosque
803 3515 939 3570 virentes

154 3599 281 3657 Vicinus
300 3600 397 3657 nitido
417 3604 560 3660 Benacus
578 3602 692 3660 labitur
709 3620 807 3661 amne.
