2498 4012
596 481 624 538 L
676 485 679 493 ,

470 642 523 708 IN
545 640 753 708 AMOREM

488 781 653 835 (Elegiarum
663 781 730 836 Lib.)

138 962 277 1033 Improbe
298 977 368 1016 cum
387 959 479 1015 solita
500 966 625 1014 careant
643 976 711 1014 mea
730 964 855 1030 pectora
873 957 995 1016 flamma

174 1049 255 1117 Quid
273 1055 424 1105 nocturna
443 1049 518 1102 mihi
536 1048 620 1104 bella
637 1048 770 1115 minaris,
790 1049 906 1104 Amor?

139 1137 185 1193 Sit
202 1137 278 1193 satis
295 1137 423 1210 hyberni
442 1137 585 1207 glacialia
602 1136 716 1208 frigora
735 1138 813 1191 coeli

173 1228 242 1282 Non
261 1228 355 1282 semel
374 1228 411 1281 ad
430 1227 522 1281 duras
542 1225 723 1282 sostinuisse
741 1224 832 1281 forsa.

138 1316 205 1372 Sint
223 1317 369 1386 probrosa
387 1316 462 1369 satis
482 1315 628 1370 obscurae
645 1313 749 1386 jurgia
766 1315 874 1381 noctis,

177 1406 294 1477 Totque
314 1405 390 1460 mihi
407 1423 522 1459 vacuos
541 1403 734 1474 praeteriisse
753 1404 826 1460 dies.

138 1495 355 1567 Pubentesque
375 1493 450 1549 satis
469 1493 526 1548 tibi
544 1493 586 1547 sit
604 1493 741 1564 potuisse
761 1512 815 1564 per
833 1513 928 1550 annos

173 1584 282 1638 Pressa
301 1584 356 1638 sub
376 1582 527 1636 immerito
547 1582 627 1636 colla
646 1589 750 1637 tenere
768 1583 850 1655 jugo.

139 1673 155 1726 I
173 1673 289 1743 procul,
308 1672 389 1726 haud
408 1671 489 1726 tanti
506 1670 621 1725 fuerint
640 1678 694 1726 tua
712 1672 800 1741 dona,
819 1673 944 1744 Cupido,

173 1763 218 1818 Ut
236 1760 311 1834 mihi
329 1779 390 1816 non
409 1761 505 1831 pluris
524 1759 565 1814 sit
584 1778 742 1831 superesse
762 1761 822 1816 diu.
883 1821 885 1824 y

138 1855 180 1908 Et
198 1851 295 1907 satius
314 1851 409 1906 fuerit
428 1859 570 1907 veterum
589 1858 786 1906 monumenta
805 1852 941 1909 virorum

85 1971 88 1977 ·
173 1942 315 2006 Volvere‚
336 1957 427 2010 quam
445 1940 528 2010 turpi
546 1940 628 1995 velle
647 1939 679 1994 in
699 1959 800 1997 amore
820 1943 904 1997 mori.

138 2030 187 2085 Me
207 2028 292 2101 piget
310 2029 380 2101 igne
400 2048 467 2085 meo
487 2047 670 2101 quemquam
689 2036 842 2102 torquere,
861 2032 1017 2102 pudetque

173 2119 223 2174 Me
242 2118 382 2174 dominae
402 2125 434 2175 et
452 2119 563 2191 populo
584 2137 675 2189 saepe
695 2118 791 2176 fuisse
806 2121 918 2192 jocum.

139 2207 253 2278 'Purpia
271 2207 436 2277 preteritae
457 2225 640 2278 cognoscere
660 2207 743 2263 facta
757 2209 905 2280 juventae

172 2299 269 2368 Nunc,
288 2298 362 2354 licet
381 2297 506 2366 invitus
526 2297 683 2368 praestitit
702 2317 771 2354 acer
789 2301 895 2355 Amor.

137 2385 265 2443 Vindice
285 2403 333 2440 me
353 2384 453 2440 varios
473 2385 563 2441 liceat
583 2385 641 2441 tibi
660 2404 805 2458 quaerere
824 2394 960 2443 amantes

173 2474 302 2546 Cognita
321 2473 503 2529 carminibus
522 2475 753 2544 Parthenopaea
772 2476 857 2531 meis

137 2564 247 2619 Mutua
264 2581 302 2618 ne
323 2562 443 2618 dubites
463 2569 551 2618 mutu
570 2564 641 2619 dare
662 2563 748 2635 signa
767 2565 896 2637 loquaci,

172 2649 214 2704 Et
232 2647 358 2703 miseros
376 2646 479 2702 verbis
497 2647 663 2703 detinuisse
683 2667 799 2719 procos

138 2735 187 2790 Me
208 2754 310 2790 coram
328 2735 422 2790 liceat
441 2735 548 2791 missas
567 2742 699 2791 tractare
720 2738 856 2806 tabellas,

173 2825 326 2895 Pluraque
347 2825 438 2880 rivali
457 2842 585 2879 munera
604 2825 683 2880 ferre
703 2844 779 2882 mec.

139 2914 238 2969 Gessit
256 2913 336 2968 eninr
355 2913 465 2968 solitus
485 2913 646 2985 tepefactis
665 2915 805 2970 sensibus
829 2915 925 2984 ardor,

172 3003 236 3057 Nec
255 3020 312 3072 me,
332 3003 385 3074 qui
404 3003 527 3057 demens
548 3010 652 3074 egerat
670 3021 754 3057 error
774 3002 844 3074 agit.

138 3091 280 3164 Frigidus
300 3099 347 3148 est
366 3092 448 3147 calor
467 3093 528 3159 ille,
549 3094 625 3150 cinis
644 3093 718 3147 licet
737 3099 857 3147 aestuet
875 3093 959 3147 intus

174 3181 233 3246 Qui
250 3198 298 3236 me
317 3180 484 3237 sollicitum
503 3181 619 3237 fecerat
639 3198 714 3248 esse,
733 3183 824 3236 Deus.

137 3270 220 3327 Hinc
239 3273 330 3338 Deua,
349 3269 421 3325 hinc
440 3271 519 3326 ratio
538 3269 638 3325 dubiis
657 3270 712 3324 sub
732 3269 871 3326 sensibus
889 3271 1025 3340 haerent,

175 3359 275 3432 Vique
295 3361 386 3415 simul
408 3367 530 3416 certant
548 3359 600 3413 ille
620 3358 670 3414 vel
690 3358 744 3413 illa
762 3359 835 3429 pari.

140 3450 200 3508 Sed
218 3456 322 3506 tamen
340 3449 495 3506 incumbet
514 3449 616 3506 stabili
635 3447 753 3503 ratione
774 3450 898 3521 Cupido,

176 3539 209 3602 si
227 3539 316 3597 datur
336 3539 494 3596 aethereos
513 3539 636 3597 vincere
655 3554 742 3610 posse
762 3540 851 3597 Deos.

207 3770 216 3791 ,

38 3870 96 3942 Α
133 3836 207 3941 ,rs
