2498 4012
233 399 339 453 Vaoua
358 403 452 464 antra,
472 396 583 469 quibus
603 398 719 453 celeres
738 396 841 469 Satyri

234 487 378 542 Tendunt
397 487 511 542 teneris
532 486 610 541 retia
629 486 786 558 Nymphis

233 576 353 630 Montes
373 575 490 641 tumidi,
510 575 662 630 montium
682 582 714 630 et
733 575 827 646 ampli

234 665 344 731 Saltus
364 664 417 719 ubi
435 664 587 720 formosae
607 665 753 737 Dryades

234 756 360 808 Duount
380 754 511 824 choreas,
532 753 688 825 flectitque
712 753 818 808 choros

234 842 331 897 Diana
350 860 458 908 saeros,
479 842 607 897 comites
627 841 717 897 niveo

234 932 315 984 Dum
334 936 448 984 terram
466 930 610 1002 quatiunt
629 930 710 1000 pede,
730 931 825 986 roseis

234 1021 336 1088 Atque
356 1037 392 1073 ex
412 1019 510 1074 oeulis
529 1019 649 1089 spicula
664 1019 793 1089 jaciunt,

235 1109 275 1162 Et
293 1108 438 1175 flammas,
459 1109 569 1179 quibus
589 1116 684 1163 urunt
703 1109 799 1166 Divos

236 1197 347 1252 Omnes
366 1202 527 1267 terrarum,
548 1215 651 1252 omnes
671 1197 769 1266 Coeli3

238 1285 333 1341 Divae
355 1304 460 1342 omnes
478 1304 639 1364 nemorum
659 1294 689 1342 et
709 1288 876 1359 sylvarum,

237 1375 344 1444 Panes,
365 1376 471 1442 Fauni,
491 1376 625 1431 Numina
645 1376 735 1446 ruris,

239 1466 350 1520 Nostra
368 1465 535 1520 Hermione
554 1466 653 1521 fastus
673 1466 757 1521 urbis

240 1553 373 1625 Fugiens
393 1554 486 1609 rheda
504 1561 645 1626 properat
664 1555 785 1611 volueri

241 1646 361 1702 Patrios
380 1647 418 1701 ad
438 1665 534 1717 agros,
554 1664 628 1701 arva
647 1646 684 1700 ad
702 1646 786 1700 laeta

242 1732 365 1788 Lambit
383 1733 470 1803 riguo
491 1750 568 1804 quae
587 1733 688 1788 Padus
708 1750 795 1786 amne

239 1823 340 1877 Padus
360 1821 558 1877 humentibus
577 1821 659 1876 ulvis
679 1821 806 1877 cinctus

241 1911 331 1965 Altae
352 1911 450 1966 celsos
468 1910 580 1965 frontis
599 1911 736 1980 honores³

242 1999 336 2054 Venit
357 1999 523 2054 Hermione
542 2000 684 2070 pulohras
704 2000 786 2055 inter

242 2087 343 2141 Prima
362 2088 494 2159 puellas:
514 2095 546 2143 at
565 2106 627 2155 voS,
647 2089 742 2144 Divae

244 2175 375 2247 Divique
394 2194 507 2241 omnes,
527 2177 580 2248 qui
598 2194 687 2248 agros
708 2177 820 2248 colitis,

245 2264 425 2337 Vitreosque
446 2267 540 2332 lacus,
560 2272 681 2322 servate
701 2285 784 2324 meos

243 2355 342 2425 Ignes,
362 2353 493 2408 animam
511 2361 632 2411 servate
651 2373 758 2411 meam.

244 2441 324 2498 Solis
342 2444 420 2499 radii
438 2461 499 2498 non
518 2444 657 2500 inficiant

246 2533 358 2590 Oculos
377 2534 502 2607 nitidos
521 2535 631 2590 faeiem
651 2542 681 2591 et
699 2536 829 2592 niveam.

244 2623 376 2679 Teneras
394 2624 515 2696 plantas
533 2625 702 2696 mollesque
721 2644 829 2683 manus

247 2714 370 2770 Hirsuti
389 2732 426 2769 ne
448 2732 555 2786 vepres
574 2721 721 2770 resecent.

246 2799 366 2854 Sileant
384 2801 507 2865 Boreae,
527 2805 652 2853 taceant
670 2799 784 2866 Austri,

249 2886 449 2958 Intemperies
468 2889 564 2942 lateat
583 2887 677 2953 Coeli,

247 2979 348 3032 Aurae
370 2983 403 3031 et
422 2983 532 3032 tenues
551 2976 743 3049 Zephyrique
764 2976 851 3032 leves
935 3027 936 3033 ,

248 3067 370 3136 Spirent
388 3067 538 3139 undique3
558 3068 659 3138 pictae
679 3067 778 3123 violas

244 3153 393 3209 Referant
411 3154 509 3211 valles
528 3161 689 3224 gratosque
708 3172 798 3209 rosas.

247 3242 327 3297 Lilia
346 3243 474 3298 candida
492 3249 658 3298 nascantur
676 3243 764 3313 agris,

249 3330 409 3386 Resonent
428 3331 513 3387 dumi
533 3337 683 3386 eoneenta
701 3332 806 3388 avium

248 3419 426 3492 Itylumque
445 3427 548 3491 gemat
567 3419 696 3475 Thracia
714 3421 816 3491 pellex

251 3508 331 3565 Avia
350 3511 503 3583 complens
524 3510 657 3566 carmine
677 3529 794 3568 resono.
