2498 4012
138 390 296 464 Liquitur;
316 396 348 445 et
366 406 551 461 quamquam
570 388 651 443 dirae
672 387 802 460 vestigia
821 387 927 444 mortis

177 478 283 535 Cernit
302 484 334 533 et
353 483 526 533 extremum
545 477 640 532 sentit
661 477 764 533 adesse
784 476 873 544 diem,

140 568 237 624 Corde
257 575 361 623 tamen
378 566 528 638 gemitum
547 565 659 637 premit
676 572 709 621 et
727 583 812 637 spem
831 566 933 622 fronte
952 574 1081 633 serenat,

175 656 406 729 Tristitiamque
425 655 489 711 acie
510 655 723 711 dissimulante
744 656 836 727 tegit3

138 746 262 802 Scilicet
280 750 409 816 augeret
427 745 546 816 trepidi
565 761 604 799 ne
624 745 700 800 dura
718 745 821 800 mariti

172 835 329 900 Lamenta,
350 841 382 889 et
401 852 488 890 curas
507 835 662 891 anxietate
684 853 801 906 graves,
869 854 871 858 ¹

138 925 210 981 Jam
227 923 345 979 decima
364 922 531 979 infaustam
549 924 701 978 referebat
719 924 858 996 lampade
877 927 979 981 lucem

175 1010 332 1084 Cynthiae,
353 1017 383 1065 et
402 1010 489 1083 picea
508 1017 629 1067 texerat
649 1012 794 1082 arciaco,

107 1124 109 1128 ·
140 1102 215 1157 (lum
236 1099 364 1155 miserae
377 1107 533 1158 extremus
549 1101 612 1173 jam
629 1109 782 1173 presserat
801 1120 885 1158 error
903 1107 1024 1173 ocellos

174 1191 308 1262 Fugerat
328 1190 388 1245 heu
408 1191 522 1256 vultus,
541 1191 661 1262 fugerat
680 1208 731 1246 ore
752 1193 845 1247 color.

141 1280 260 1353 Aspicit
278 1280 333 1336 illa
351 1286 455 1336 tamen
474 1281 594 1336 dulcem
613 1281 763 1337 moritura
782 1282 933 1351 maritum,

174 1371 269 1426 Illum
287 1369 352 1425 acie
369 1370 469 1425 solum
488 1370 649 1425 deficiente
668 1376 769 1441 notat3

140 1459 228 1515 Illius
247 1464 373 1530 aspectu
392 1459 552 1514 morientia
570 1460 687 1514 lumina
705 1461 811 1530 pascit,

173 1550 259 1605 Mens
278 1548 367 1602 illum
385 1565 401 1603 e
421 1548 519 1603 media
539 1555 636 1602 morte
655 1567 778 1604 reversa
796 1551 889 1606 videt.

139 1638 215 1706 Quis
234 1637 290 1694 tibi
310 1644 394 1710 tunc,
414 1636 581 1702 Sismunde,
601 1637 695 1704 dolor,
717 1656 787 1693 cum
805 1639 933 1710 virginis
952 1648 1037 1698 artus

174 1727 333 1798 Aspiceres
353 1725 454 1781 anima
471 1725 535 1796 jam
554 1726 692 1798 fugiente
711 1727 807 1783 mori?

139 1815 207 1870 Non
225 1821 330 1871 tamen
348 1814 403 1870 illa
421 1814 469 1870 tui
487 1832 549 1869 non
567 1813 622 1870 illa
640 1815 736 1870 oblita
754 1823 924 1888 parentum,

175 1903 218 1958 'Pe
238 1908 328 1958 vocat
349 1908 380 1957 et
400 1902 478 1957 tales
499 1901 602 1957 fundit
620 1903 658 1958 ab
677 1920 727 1957 ore
747 1920 848 1960 sonos:

139 1991 213 2046 Pars
231 1991 358 2058 animae,
380 1990 548 2057 Sismunde,
568 2008 662 2057 meae,
682 1990 708 2046 si
727 1991 866 2064 conjugis
885 1993 967 2049 inte

175 2080 344 2151 Quicquam
360 2079 440 2151 juris
458 2079 572 2135 habent
590 2080 699 2135 ultima
717 2082 811 2137 verba
829 2087 908 2147 tuae,

139 2169 242 2236 Parce,
261 2186 376 2240 precor,
397 2168 575 2241 lachrymis:
596 2169 668 2235 vixi,
690 2188 872 2243 cursumque
890 2172 1001 2243 peregi,

173 2257 194 2312 J
196 2275 245 2312 am
262 2258 371 2329 procul
391 2277 410 2312 a
428 2257 515 2314 vobis
533 2274 580 2311 me
600 2274 665 2312 mea
683 2256 748 2313 fata
767 2266 887 2315 vocant.

138 2346 307 2401 Immatura
326 2346 450 2416 quidem
469 2345 589 2412 morior,
609 2346 662 2400 sed
681 2364 757 2416 pura
775 2349 831 2402 sub
850 2350 972 2404 umbras

174 2436 337 2491 Discedam
356 2441 388 2491 et
404 2435 499 2491 nullis
517 2436 638 2491 sordida
656 2437 692 2491 de
711 2437 848 2492 maculis.

138 2524 300 2580 Discedam
318 2524 405 2596 virgo
423 2522 539 2580 facibus
559 2542 616 2580 nec
635 2524 719 2580 victa
736 2515 866 2595 maritis3

175 2613 257 2670 Cossi
277 2612 413 2685 coniugii
431 2613 475 2668 nil
495 2613 555 2669 nisi
574 2632 687 2668 nomen
704 2614 833 2670 habens:

138 2703 196 2758 Est
214 2701 288 2756 mihi
306 2701 396 2758 dulce
415 2701 499 2769 mori,
518 2702 673 2774 vitamque
694 2703 866 2773 impendere
886 2703 994 2757 famae.

174 2791 266 2846 Edita
284 2791 407 2847 mortali
429 2790 603 2846 conditione
623 2790 684 2845 fui:

138 2881 182 2936 At
200 2879 259 2935 nisi
278 2899 359 2936 nunc
379 2897 512 2936 morerer
528 2879 647 2935 fueram
667 2879 814 2935 moritura
832 2879 974 2948 subinde;

175 2968 231 3024 Est
250 2968 325 3023 mihi
342 2968 433 3024 dulce
453 2967 555 3035 etiam,
574 2975 605 3023 te
625 2973 798 3037 superante,
820 2967 905 3021 mori.

137 3056 190 3112 Nil
209 3057 283 3113 mihi
299 3059 362 3130 jam
379 3065 522 3131 poterant
534 3058 610 3113 anni
626 3056 764 3112 conferre
785 3055 905 3112 seniles.

175 3146 249 3203 Vita
266 3147 370 3204 brevis
389 3146 474 3218 longi
491 3145 635 3217 temporis
655 3145 752 3199 instar
769 3143 869 3196 habet.

144 3236 188 3293 Mi
206 3236 330 3292 dederat
349 3235 449 3291 teneri
466 3235 549 3306 leges
568 3239 678 3287 natura
696 3230 827 3303 pudoris,

175 3326 219 3383 Mi
237 3326 364 3381 dederat
382 3342 481 3379 mores
501 3341 570 3377 cum
589 3322 738 3393 probitate
756 3320 830 3391 pios.

139 3416 193 3473 Nil
209 3414 324 3472 mutari
342 3414 374 3468 in
393 3431 441 3468 me
461 3429 596 3484 cuperes,
617 3411 674 3466 nisi
694 3410 796 3466 tristia
815 3409 894 3464 fata:

175 3506 336 3563 Humanae
355 3504 417 3562 vici
436 3502 720 3572 conditionisopus.
