2498 4012
138 401 231 455 Forte
251 405 354 455 temen
372 399 464 455 dubio
483 401 555 454 dum
574 399 619 454 sic
639 417 742 455 errore
761 398 903 453 trahebar

173 490 231 542 Per
250 504 381 555 nemora,
402 495 432 542 et
450 505 609 544 nemorum
626 506 680 559 per
698 488 766 542 loce
784 487 849 541 sole
867 504 979 557 vagus3

138 576 248 633 Nescio
268 577 341 651 quid
359 577 450 645 sensi,
470 578 522 633 vel
540 595 587 632 me
606 575 736 632 sensisse
755 575 868 647 putavi,

174 668 259 722 Mota
276 674 378 722 temen
397 667 536 738 paullum
555 684 653 722 cenna
670 664 815 737 palustris
834 671 907 719 erec.

138 755 274 826 Accessi,
294 756 474 828 propiorque
494 756 554 810 fui:
569 755 636 828 quis
657 755 795 810 crederet
813 773 955 825 unquam,

174 847 253 901 Lilia
272 845 441 918 stringebat
460 847 514 901 lux
534 864 601 900 mea
619 862 737 899 summe
755 861 852 898 manu.

140 937 214 992 Visa
232 935 316 1013 dedit
334 935 437 1004 risum,
458 936 537 992 risus
556 934 714 990 revocavit
733 950 873 999 amorem,

174 1025 279 1096 Sopito
298 1025 392 1096 major
410 1024 496 1081 venit
515 1026 552 1079 ab
571 1025 641 1095 igne
660 1024 755 1079 focus.

138 1115 229 1182 Risit,
250 1121 281 1169 et
300 1133 338 1170 ex
356 1114 417 1169 imo
435 1114 566 1186 suspiria
583 1120 707 1186 pectore
726 1113 831 1182 traxit,

175 1208 216 1260 Et
234 1205 278 1260 sic
297 1211 344 1259 est
363 1204 473 1259 misero
493 1203 626 1259 molliier
646 1221 715 1257 orsa
732 1201 831 1274 loqui:

139 1297 186 1352 Ad
207 1311 245 1363 se,
266 1295 290 1350 si
311 1294 420 1362 nescis1
440 1293 538 1360 venio,
561 1291 763 1363 capegeudia
781 1293 889 1362 longae

176 1384 325 1446 Desidiae,
345 1390 378 1439 ei
398 1384 476 1438 coilo
496 1382 619 1437 brechia
638 1387 728 1436 necte
748 1399 823 1435 meo.

139 1476 245 1528 Insere
264 1473 374 1527 blanda
392 1471 467 1527 meis
487 1477 542 1526 tua
560 1470 644 1527 basia
664 1470 749 1526 mille
767 1469 896 1536 labellis

176 1563 314 1634 Totaque
332 1561 389 1616 sim
408 1567 475 1616 toto
496 1577 621 1631 corpore
638 1560 746 1630 juncta
764 1564 827 1614 tue.

138 1652 197 1708 Sed
217 1657 320 1706 temen
337 1649 408 1704 hinc
428 1648 537 1704 salices
556 1648 668 1719 placidi
687 1649 848 1703 tendamus
868 1648 905 1702 ad
924 1646 1031 1713 amniS,

173 1738 320 1808 Divulget
338 1745 461 1793 nostros
479 1754 517 1792 ne
536 1738 617 1791 mala
634 1737 739 1808 lingua
753 1738 847 1810 jocos.

137 1827 224 1882 Haec
243 1825 294 1894 ait,
315 1832 347 1880 ei
366 1832 490 1881 tenerae
506 1825 616 1896 juncte
634 1832 682 1881 est
701 1843 767 1880 mee
785 1826 913 1880 dextere
933 1823 1068 1879 dextrae.

174 1917 215 1971 Ei
234 1913 332 1970 iuncti
351 1915 389 1970 cd
407 1915 517 1972 salices
535 1915 688 1971 tendimus
709 1922 740 1970 ei
758 1916 812 1971 f....
