2498 4012
1010 285 1061 342 119

76 383 155 452 Quid
173 383 271 440 dioam
289 381 433 441 miserum
451 402 498 441 me
514 403 602 457 agere
624 391 656 442 et
673 404 764 460 quam
782 386 892 445 ducere
913 386 1008 445 vitam

72 472 281 546 Irreqnietum
300 472 394 528 animi
412 479 445 529 et
462 479 642 546 querentem
660 474 801 546 indagine
819 494 899 531 vana

74 562 222 618 Naturam
241 580 360 634 semper
378 562 555 634 fugientem,
575 581 652 636 quae
672 581 703 619 se
723 563 777 620 ubi
794 565 932 635 paullum

74 650 217 708 Ostendit
233 651 316 718 mihi,
336 669 406 706 mox
425 650 520 706 faoies
538 652 572 707 in
590 651 673 707 mille
693 658 818 723 repente

74 739 137 796 Oeu
155 740 294 807 Proteus,
315 757 462 796 conversa
479 746 659 812 sequentem
677 740 775 796 eludit
794 747 826 796 et
844 742 929 814 angit

74 829 263 884 Moerentem
281 829 419 901 seniique
437 828 535 896 horas,
556 845 734 901 cassumque
754 829 910 886 laborem?

75 918 181 987 Nuper
199 917 280 974 enim
298 924 408 974 tenues
427 918 552 988 speeies,
571 918 794 991 simulacraque
813 936 916 974 rerum

75 1005 162 1072 Quae
180 1007 275 1062 fluere
297 1024 334 1062 ex
353 1006 426 1077 ipsis
445 1006 597 1075 dicuntur,
616 1023 729 1079 perque
749 1023 851 1062 meare

74 1095 193 1164 Omnia,
213 1097 286 1152 <lum
303 1102 407 1153 seotor
426 1096 583 1163 meditans,
603 1097 778 1170 tacitusque
797 1098 920 1168 requiro

73 1185 151 1242 Avia
167 1185 315 1243 silvarum
335 1193 367 1242 et
384 1192 504 1242 secreta
521 1185 644 1242 silentia
661 1186 749 1252 solue,

74 1275 211 1347 Cognovi
228 1281 332 1331 tamen
350 1276 398 1332 his
416 1276 545 1346 spectris
564 1276 685 1331 illudier
704 1277 793 1348 ipsis:

73 1363 119 1419 Ut
137 1380 246 1419 sensus
264 1362 377 1418 feriant
396 1368 524 1431 nostros,
545 1379 723 1434 semperque
743 1362 904 1432 lacessant,

73 1453 192 1525 Perque
210 1453 299 1520 fores,
320 1453 481 1523 caulasque
500 1451 616 1507 animae
637 1453 814 1525 ludentque,
835 1460 997 1528 meentque

71 1544 118 1599 Ao
138 1548 285 1612 remeent,
306 1541 461 1614 ipsamque
482 1558 539 1595 neo
559 1541 640 1595 inter
650 1541 767 1596 somnia
786 1541 937 1615 linquant.

71 1635 152 1704 Ergo
171 1632 230 1688 hoo
249 1631 369 1688 elusum
388 1631 498 1699 studio,
517 1629 695 1702 fessumque
713 1631 818 1688 labore

72 1721 207 1778 Tandem
226 1738 273 1776 me
291 1721 435 1777 miserata
453 1737 524 1775 suos
543 1719 669 1774 abduxit
686 1720 718 1774 in
736 1721 842 1777 hortos

71 1811 160 1867 Musa
177 1828 301 1882 memor,
320 1810 525 1881 tetrioumque
545 1809 680 1864 animum
698 1828 803 1865 somno
822 1816 914 1883 atque
934 1810 1038 1881 quiete

70 1900 201 1959 Ouravit
220 1899 416 1971 numerisque
436 1906 467 1954 et
484 1899 593 1955 blando
614 1899 745 1954 carmine
764 1899 851 1955 fovit.

73 1990 153 2046 Tum
171 1988 259 2043 mihi:
279 1989 346 2054 Quo
365 1987 496 2056 tandem,
517 2005 534 2042 o
553 2004 670 2058 semper
688 1987 829 2043 mortalia
848 2005 998 2060 quaerens

70 2079 159 2134 Hane
178 2077 277 2133 oolere
289 2093 386 2148 usque
400 2076 484 2132 voles
497 2076 629 2131 terram?
642 2093 836 2146 nunquamne
850 2074 1005 2149 relinques

69 2168 134 2224 Has
151 2168 301 2235 tenebras,
320 2183 517 2238 nunquamne
537 2165 569 2220 in
588 2165 690 2220 lucem
707 2165 822 2221 lumina
841 2166 951 2223 tolles?

70 2258 118 2314 An
137 2255 247 2325 neseis,
266 2273 474 2328 quaecumque
488 2254 538 2310 hio
556 2261 636 2323 sunt,
657 2273 734 2327 quae
746 2254 803 2310 hao
821 2261 912 2312 noete
932 2259 1080 2327 teguntur

70 2344 179 2401 Omnia
196 2362 246 2400 res
263 2363 387 2417 prorsus
406 2362 494 2401 veras
512 2363 574 2400 non
593 2362 665 2413 esse,
686 2344 740 2400 sed
758 2345 887 2410 umbras,
907 2408 909 2411 ¹

67 2437 132 2493 Aut
150 2434 284 2505 sperula,
303 2435 387 2489 unde
407 2435 445 2490 ad
463 2451 519 2489 nos
537 2433 639 2490 aliena
658 2434 760 2489 elucet
779 2433 901 2505 imago?

68 2523 163 2579 Terra
174 2522 304 2595 quidem,
315 2530 347 2578 et
360 2540 443 2578 mare
456 2528 486 2578 et
500 2524 569 2589 alta,
581 2529 673 2594 atque
684 2522 731 2578 his
744 2521 940 2578 circumfluus
953 2540 1006 2578 aer

68 2613 109 2668 Et
127 2630 205 2684 quae
225 2612 398 2668 consistunt
417 2630 455 2667 ex
472 2612 518 2681 iis,
536 2613 612 2668 haeo
631 2613 733 2668 omnia
751 2619 862 2669 tenues

70 2701 149 2757 Sunt
160 2701 298 2771 umbrae,
310 2700 468 2768 humanos,
482 2719 559 2772 quae
571 2708 716 2775 tanquam
729 2701 846 2757 somnia
859 2701 1009 2774 quaedam

67 2789 251 2862 Pertingunt
270 2788 388 2844 animos
407 2789 511 2844 fallaci
530 2796 562 2845 et
581 2790 710 2861 imagine
730 2790 852 2858 ludunt,
1065 2789 1068 2793 ’

66 2878 230 2947 Nunquam
247 2877 359 2947 eadem,
379 2876 464 2933 fluxu
485 2895 605 2949 semper
625 2879 743 2935 variata
761 2876 896 2950 perenni.

67 2967 118 3023 Sol
137 2972 250 3033 autem,
270 2968 435 3039 Lunaeque
456 2968 574 3038 globus,
593 2964 805 3039 fulgentiaque
825 2971 908 3021 astra

66 3055 185 3123 Cetera,
203 3055 266 3110 sint
284 3055 423 3127 quamvis
442 3056 566 3111 meliori
583 3057 720 3127 praedita
738 3055 811 3124 vita,

66 3144 108 3199 Et
126 3143 240 3198 donata
257 3161 334 3199 aevo
353 3142 528 3212 immortali,
547 3144 623 3199 haee
642 3144 707 3215 ipsa
725 3149 829 3198 tamen
847 3147 920 3197 sunt

67 3231 197 3289 Aeterni
208 3232 342 3302 specula,
356 3231 388 3288 in
401 3250 478 3303 quae
499 3233 626 3299 animus,
640 3231 693 3304 qui
705 3237 753 3288 est
767 3229 836 3286 inde
850 3230 1007 3301 profectus

65 3319 242 3392 Inspioiens,
260 3320 375 3391 patriae
395 3322 525 3394 quodam
544 3321 631 3393 quasi
650 3326 751 3376 tactus
769 3338 880 3388 amore,

64 3405 214 3472 Ardesoit,
233 3406 286 3462 sed
305 3407 394 3476 enim,
408 3406 551 3479 quoniam
568 3406 618 3461 hio
638 3423 698 3460 non
710 3411 827 3476 perstat
846 3412 878 3461 et
896 3406 980 3461 ultre

64 3494 173 3551 Nesoio
192 3495 264 3567 quid
282 3496 422 3569 sequitur
442 3514 555 3565 seeum,
575 3495 749 3565 tacitusque
768 3493 906 3566 requirit,

69 3583 167 3642 Nosse
185 3582 260 3640 lioet
279 3583 394 3645 oiroum
412 3585 489 3642 haee
508 3585 607 3661 ipsum
626 3583 798 3642 consistere.
812 3569 935 3653 verum,
