2498 4012
564 377 619 430 XI.

264 500 349 567 DAI
367 498 390 536 ‘“
405 503 555 571 LUSUS
578 502 916 595 PASTORALES„

439 604 607 670 (carminum,
624 618 678 662 Lib.
695 620 739 672 ιν.)

158 751 226 818 Cur,
246 751 285 806 ah
305 770 360 806 cur
377 751 441 805 ullo
460 752 564 823 placui
582 751 639 807 tibi
658 754 819 825 tempore?
839 755 946 810 mortis

193 840 231 902 Si,
251 859 319 896 mea
338 841 410 909 vita,
429 841 485 897 tibi
503 859 610 897 caussa
627 841 751 899 futurus
770 861 862 899 eram.

167 934 227 990 Cur
246 949 293 986 me
314 938 376 985 tam
395 930 556 1001 pulchrum
576 931 638 986 cari
657 950 790 1002 genuere
812 932 978 1003 parentes?

194 1025 256 1081 Cur
275 1023 407 1078 calamos
425 1022 504 1076 dono
524 1024 588 1077 Pan
607 1022 690 1077 dedit
709 1022 771 1094 ipse
792 1023 883 1078 suos?

159 1114 253 1182 Queis
272 1130 326 1182 ego
345 1111 493 1166 formosas
511 1098 630 1182 possem
649 1111 767 1167 mollire
787 1113 907 1183 puellas

194 1200 359 1264 Cantando,
379 1205 411 1253 et
430 1199 513 1254 duris
532 1198 614 1253 lenia
634 1200 725 1253 corda
743 1198 822 1254 dare.

159 1289 239 1357 Quid
256 1288 384 1343 formam
403 1305 521 1360 queror,
541 1294 595 1342 aut
614 1288 746 1343 calamos
765 1287 904 1344 nocuisse
926 1286 1072 1343 canoros?

193 1379 324 1436 Perfidia
342 1378 434 1450 periit
453 1398 522 1434 cara
540 1383 644 1452 puella
662 1398 735 1435 mea.

158 1470 206 1526 Ah
224 1488 262 1524 ne
283 1469 359 1524 meis
376 1468 464 1540 potui
483 1470 624 1526 thalamis
644 1471 805 1526 admittere
825 1471 950 1525 Nisam?

194 1561 263 1615 Vim
282 1577 319 1614 ne
338 1577 445 1630 preces
465 1560 532 1614 duri
551 1567 669 1615 tantam
687 1561 820 1615 habuere
840 1559 955 1630 patris?

159 1650 319 1722 Fugissem
339 1650 509 1722 durumque
528 1656 646 1720 patrem
664 1649 861 1723 patriamque,
881 1649 1026 1721 priusque

193 1741 353 1797 Fudissem
372 1741 469 1795 multo
488 1741 634 1812 sanguine
655 1742 777 1796 dulcem
796 1741 936 1795 animam.
1006 1800 1009 1804 ,

157 1827 216 1884 Sed
233 1827 367 1897 fundam,
387 1847 561 1901 poenasque
581 1831 657 1885 dabo
676 1829 741 1892 tibi,
762 1829 888 1885 candida
905 1829 1033 1901 Hyella:

193 1920 217 1975 Ο
237 1919 300 1973 cari
318 1937 431 1983 manes,
452 1937 478 1988 o,
497 1936 612 1991 precor,
631 1926 696 1975 este
717 1919 796 1975 boni.

158 2009 220 2063 Vos
238 2026 366 2078 puerum
385 2015 487 2063 vestra
505 2008 697 2080 linquentem
715 2009 833 2063 lumina
846 2025 954 2063 caussa

192 2099 339 2168 Optatam
357 2098 431 2153 laeti
450 2098 595 2170 suscipite
608 2099 640 2152 in
658 2098 816 2169 gremium.

158 2187 200 2241 Et
218 2187 271 2257 qui
289 2205 337 2242 me
356 2187 450 2243 nimio
470 2206 614 2258 sponsum
633 2187 772 2259 cupiistis
792 2205 902 2254 amore,

193 2275 322 2347 Jungite
341 2295 424 2332 nunc
443 2277 541 2333 dulcis
559 2278 670 2350 gaudia
688 2277 829 2349 conjugii.

158 2365 277 2434 Sancta,
295 2366 375 2434 veni,
394 2367 568 2439 nostrisque
587 2367 665 2432 fave,
685 2366 875 2437 Proserpina,
896 2363 1008 2432 taedis3

194 2453 368 2524 Faustaque
387 2440 558 2524 purpureus
580 2452 713 2507 carmina
732 2459 837 2508 cantet
855 2453 990 2524 Hymen:

159 2541 279 2612 Quique
299 2542 372 2596 olim
394 2542 493 2597 valida
512 2543 671 2614 conjunxit
689 2549 855 2613 utrumque
875 2547 991 2606 catena,

193 2631 286 2688 Vivat
305 2631 337 2684 in
356 2631 461 2704 Elysia
479 2633 559 2689 valle
578 2632 720 2703 perennis
739 2648 831 2687 amor.

556 2852 626 2904 ΧΠ.
711 2816 721 2837 ’

232 2976 297 3042 AD
323 2976 650 3044 HIERONYMUM
673 2972 966 3042 TURRIANUM

322 3081 364 3120 DE}
384 3081 490 3120 MORTE}
510 3079 678 3119 VICTORIAE
697 3076 868 3117 condusam

447 3161 613 3214 (carminum,
630 3158 687 3202 Lib.
702 3160 736 3211 v.)

232 3293 293 3348 Cur
311 3293 460 3349 desiderio
480 3293 603 3348 modum
622 3296 654 3346 et
672 3291 771 3346 dolori

230 3383 279 3436 Me
299 3383 347 3437 vis
365 3400 487 3454 ponere,
508 3381 674 3438 Turriane?
694 3381 803 3436 acerbo

233 3471 290 3527 Cui
308 3471 446 3527 Victoria
463 3471 528 3527 fato
547 3471 675 3540 ademta,
694 3489 772 3544 quae
792 3489 840 3526 me

231 3561 299 3615 Non
317 3560 417 3617 minus
436 3579 527 3632 quam
540 3560 645 3616 oculos
663 3578 734 3616 suos
753 3561 885 3617 amabat:

138 3775 165 3819 11
180 3796 206 3805 -
220 3771 309 3818 Gonni.
324 3772 382 3818 Ant.
397 3773 462 3818 dalla
475 3775 548 3819 lirino
562 3773 649 3818 latina.
