2498 4012
236 405 353 463 Urebat
372 422 467 471 coma,
487 404 645 478 myrtheus
666 405 804 476 capillus
853 405 855 408 ⁴

238 497 357 553 Urebat
376 494 501 551 tumidis
519 496 621 550 latens
639 493 771 565 papillis,

237 587 309 640 Mox
329 602 455 640 cursans
475 602 559 640 amor
576 584 636 639 huc
657 589 688 639 ei
705 584 770 646 huc
786 591 817 640 et
836 585 918 654 illuc,

237 676 279 730 Et
296 693 351 746 per
368 682 503 746 guttura,
517 692 571 745 per
587 665 681 745 'genas
701 690 870 745 manusque

238 766 280 819 Ec
297 783 352 836 par
372 765 500 824 candida
519 765 598 820 colla
616 781 731 835 parque
750 762 883 818 froniem

237 856 278 909 Et
295 873 350 925 per
368 861 493 924 pectora
514 854 721 923 candidosque
741 853 850 922 dentiae,

241 945 286 1001 Ui
301 944 364 1014 jam
382 963 444 1000 non
463 963 555 1013 amor,
569 948 622 1002 sed
641 949 719 1020 ignis
738 951 828 1002 esset.

239 1032 300 1098 Qui
320 1051 419 1088 seram
438 1044 557 1107 quoque
578 1037 702 1093 calfacit
714 1041 883 1092 senectam.

525 1286 611 1339 v111.

392 1418 460 1488 AD
483 1418 731 1487 BATILLAM

440 1548 581 1603 (Bajarum,
597 1549 653 1593 Lib.
668 1547 694 1599 1.)

202 1710 279 1765 Cum
298 1709 386 1776 rides,
406 1710 482 1764 mihi
500 1710 618 1765 basium
638 1709 766 1780 negasti,

200 1800 281 1852 Dum
300 1798 408 1868 ploras¹
421 1796 496 1852 mihi
514 1797 633 1853 basium
651 1797 775 1867 dedisti3

200 1886 272 1941 Una
290 1885 322 1939 in
341 1885 469 1941 tristitia
488 1886 587 1941 libens
606 1885 738 1956 benigna
757 1903 797 1951 ea,

201 1975 272 2032 Una
290 1974 322 2029 in
340 1975 460 2030 laetitia
478 1975 586 2031 volens
605 1993 713 2030 severa
732 1991 779 2043 es3

201 2065 280 2120 Nata
299 2072 346 2120 est
365 2066 401 2120 de
421 2065 565 2138 lacrymis
585 2065 661 2119 mihi
678 2066 829 2136 volupiae,

201 2157 246 2209 De
264 2155 328 2209 risu
346 2154 441 2209 dolor.
462 2155 486 2209 Ο
506 2153 617 2209 miselli
638 2153 793 2210 amantes!

202 2243 325 2313 Sparata
344 2242 435 2297 simul
455 2243 558 2297 omnia
576 2249 609 2297 et
630 2243 745 2298 timete.

543 2497 599 2549 IX.

282 2631 347 2698 AD
372 2632 593 2699 STELLAM
616 2632 848 2701 PUELLAM

429 2760 572 2819 (Bajarnm‚
589 2760 645 2807 Lib.
660 2763 687 2815 1.)

201 2924 281 2977 Dum
298 2919 407 2977 furtim
425 2921 500 2975 mihi
518 2921 571 2976 das
590 2938 744 2993 negasque
769 2919 892 2981 ocellos,

202 3010 395 3081 Opponisque
415 3028 547 3077 manum,
566 3009 718 3080 simulque
739 3008 828 3071 rides

201 3099 275 3154 Post
291 3099 363 3154 hinc
381 3104 413 3154 ei
432 3099 531 3155 variat
551 3098 635 3153 color
654 3116 706 3168 per
726 3115 786 3160 ora,

202 3191 242 3243 Et
260 3187 390 3258 suspiria
408 3190 488 3244 lassa
507 3188 691 3252 sentiuntur,

202 3276 347 3331 Stillatim
367 3276 442 3330 mihi
463 3276 553 3331 corda
572 3275 796 3347 deliquescunt,

203 3365 299 3421 Sudor
317 3371 455 3436 tempora
472 3364 604 3436 frigidus
623 3369 769 3435 pererral,

203 3456 244 3510 Et
260 3455 373 3525 passim
392 3460 507 3509 tremor
526 3454 644 3510 ossibus
663 3459 802 3523 vagatur,
822 3448 827 3465 ²

204 3542 248 3598 Ut
266 3560 374 3598 sensus
392 3542 528 3598 animum
547 3548 671 3613 repenle
690 3542 841 3612 linquent,

203 3633 248 3688 Ut
266 3632 337 3708 fiam
354 3631 447 3686 miser
465 3638 496 3687 et
514 3633 623 3688 beatus
641 3649 711 3686 una.

204 3880 224 3913 f
