2498 4012
573 434 601 484 1.

420 592 494 660 AD
523 593 747 662 AMICAM

441 735 609 792 (ulmorum,
625 737 681 783 Lib.
696 735 724 789 ι.)

146 925 240 980 Nulla
258 941 342 980 meos
360 923 474 995 poterit
492 923 603 980 mulier
621 929 816 996 praevertere
835 942 944 981 sensus

182 1015 253 1084 Ipsa
271 1012 345 1068 licet
364 1012 484 1068 coelum
500 1011 622 1085 linquat
642 1019 673 1069 et
691 1019 774 1070 astra
792 1015 906 1082 Venus,

148 1103 194 1158 Tu
211 1119 306 1174 puero
325 1101 441 1158 teneris
460 1101 539 1173 ignis
558 1102 631 1156 mihi
652 1103 768 1173 primus
786 1104 823 1158 ab
843 1101 945 1158 annis:

181 1193 301 1250 Ultima
319 1199 354 1249 tu
372 1191 504 1248 tremulo
523 1190 644 1248 flamma
662 1191 769 1248 futura
786 1193 861 1249 seni.

147 1284 212 1337 Iam
230 1299 356 1338 sanxere
377 1281 473 1337 semel
491 1300 547 1338 nos
566 1281 647 1339 inter
664 1282 787 1338 foedera
798 1283 877 1349 Divi,

181 1371 318 1427 Foedera
335 1372 373 1426 ed
392 1377 546 1427 extremos
565 1389 626 1426 non
645 1372 794 1428 soldenda
813 1390 917 1444 rogos:

145 1459 196 1528 Ut,
215 1460 242 1517 si
260 1466 365 1531 nostra
383 1467 437 1516 tuo
456 1467 632 1532 superesset
650 1461 760 1518 funere
779 1461 852 1529 vite,

142 1596 146 1601 .
180 1549 242 1623 (Dii
260 1556 363 1606 tamen
382 1550 413 1604 in
434 1557 541 1607 ventos
560 1569 648 1606 omen
667 1551 749 1606 abire
770 1550 885 1624 sinant)

145 1640 214 1712 Ipse
232 1657 288 1711 ego
309 1640 476 1712 composito
496 1657 660 1696 venerarer
680 1646 785 1711 operto
805 1640 945 1712 sepulcro

179 1729 262 1799 Ossa,
280 1729 383 1785 ferens
403 1736 520 1785 moeste
539 1734 619 1798 ture,
641 1747 818 1802 merumque
839 1747 939 1784 manu.

144 1818 386 1893 Umbrarumque
401 1838 488 1875 secer
508 1826 619 1887 custos,
639 1818 812 1890 tumulique
833 1820 975 1875 sacerdos

179 1907 378 1964 Concinerem
398 1910 526 1982 querula
545 1907 645 1965 tristia
663 1909 757 1964 verba
775 1908 852 1981 lyra.

141 1996 206 2052 Nec
225 2014 274 2053 me
294 1998 453 2070 complexa
472 1996 634 2070 quisquam
653 1996 815 2053 divelleret
835 2014 921 2067 urna,

176 2085 258 2153 Quin
279 2086 375 2142 cineri
393 2083 532 2143 moriens¹
548 2086 653 2142 oscula
671 2102 790 2141 summo,
808 2086 918 2141 darem.

142 2175 184 2230 At
202 2174 236 2242 si,
257 2176 337 2247 quod
355 2174 458 2246 potius
480 2175 580 2248 cupio,
601 2174 659 2230 tibi
676 2173 742 2228 fata
760 2173 915 2229 dedissent

176 2262 306 2318 Lumine.
323 2263 457 2319 formosa
476 2264 605 2319 condere
625 2268 730 2318 nostre.
748 2279 848 2328 manu,

142 2351 236 2419 Tunc,
257 2352 334 2407 mihi
354 2370 448 2424 quum
468 2370 553 2407 caros
573 2352 679 2408 vultus
698 2357 837 2422 spectare
855 2351 972 2422 liceret,

177 2443 275 2514 Atque
295 2442 395 2497 enimc
413 2448 516 2498 tecum
531 2440 594 2513 jem
612 2441 749 2513 fugiente
770 2439 863 2513 loqui,

139 2534 208 2604 Ipsa
226 2549 311 2587 meos
329 2533 450 2587 tumulo
470 2533 577 2588 Manes
597 2530 712 2586 laniato
731 2549 866 2598 vocares,

177 2623 275 2693 Inque
293 2625 348 2676 tuo
367 2621 486 2692 legeres
505 2639 571 2676 osse
590 2620 708 2676 minute.
727 2620 807 2676 sinu.

138 2709 265 2766 Flebilis
285 2715 316 2765 et
336 2710 443 2780 longos
463 2710 604 2766 scindens
623 2711 660 2766 ed
679 2711 769 2766 busta
789 2708 925 2781 capilloS,

176 2799 330 2856 Clamores
349 2817 459 2854 nomen
474 2800 537 2871 jam
556 2800 704 2855 moritura
723 2817 831 2854 meum.

140 2890 219 2946 'rum
239 2888 343 2955 cineri,
364 2895 396 2943 et
414 2895 515 2944 mutae
537 2888 715 2961 persolvens
731 2888 815 2959 justa
833 2887 967 2952 favillae,

174 2979 268 3035 Mista
286 2979 373 3034 dares
392 2979 494 3034 rutilis
513 2979 580 3034 lilia
599 2995 674 3034 canc
692 2977 776 3034 rosis.

138 3068 209 3125 Illic
228 3074 346 3124 moeste
364 3068 435 3135 dies
457 3067 521 3123 illic
542 3084 719 3124 consumere
739 3071 845 3121 noctes

175 3159 309 3230 Optares,
329 3176 386 3214 nec
405 3164 435 3213 te
455 3157 593 3214 vinceret
612 3157 690 3211 alter
709 3172 808 3224 cmor3
932 3228 934 3234 Ι

136 3248 198 3303 'Sed
216 3264 332 3304 mernor
350 3265 448 3319 usque
467 3245 534 3318 viri,
555 3245 638 3301 canis
656 3243 830 3301 veneranda
849 3242 975 3315 capillis,

174 3335 319 3392 Adferres
339 3335 471 3390 tremule
489 3353 616 3390 munere
635 3351 705 3388 coro
724 3350 825 3388 manu.
1076 3323 1079 3332 '

138 3428 162 3483 0
181 3424 264 3491 mihi,
283 3426 356 3480 dum
374 3425 452 3480 tales
471 3424 591 3480 tumulo
610 3423 775 3479 reddantur
794 3422 932 3495 honores,

176 3514 251 3570 'Pam
269 3515 385 3571 lentem
403 3513 548 3571 Lachesis
566 3512 684 3570 scindet
702 3529 794 3568 evera
812 3510 920 3567 colum.
