2498 4012
599 499 634 552 V.

543 652 680 718 MANE

454 794 636 845 (stromatum,
652 790 708 836 Lib.
723 795 774 847 ιιι.)

214 971 347 1027 Roscida
364 969 524 1042 purpureis
543 986 670 1040 surgens
689 972 816 1028 Aurora
836 979 1013 1053 quadrigis

251 1060 416 1114 Tithonum
435 1058 526 1114 viduo
546 1058 679 1130 liquerat
698 1057 731 1112 in
751 1061 909 1121 thalamo.

215 1151 255 1203 Et
272 1147 336 1219 jam
356 1148 490 1202 caelatos
509 1146 595 1219 virgo
615 1148 785 1205 Pallantias
806 1170 891 1210 axes>

250 1240 389 1294 Moverat
408 1239 482 1292 Eois
499 1237 645 1292 fluctibus
665 1239 795 1310 Oceani;

214 1328 288 1383 Inde
308 1327 450 1381 coloratis
470 1327 589 1381 coelum
608 1326 746 1398 fulgebat
765 1329 804 1383 ab
824 1330 920 1389 Indis
994 1371 998 1377 ,

251 1417 292 1470 Et
310 1415 405 1470 rutila
424 1416 502 1470 ans
521 1415 657 1470 tinxerat
675 1432 750 1469 aura
767 1416 895 1489 plagas:

215 1506 362 1575 Coeperat
381 1505 511 1560 infectos
532 1505 622 1561 terris
642 1505 759 1577 aperire
781 1509 907 1566 colores

250 1597 349 1650 Vecta
367 1595 519 1665 pruinosis
539 1615 632 1652 aurea
651 1596 728 1652 Diva
747 1597 825 1652 rotis

214 1685 255 1740 Et
274 1702 379 1739 roseus
398 1703 509 1756 supera
527 1686 705 1758 splendebat
723 1685 851 1741 Lucifer
871 1707 951 1747 arce

249 1772 386 1828 Mulifido
406 1792 551 1845 spargens
570 1775 652 1829 crine
670 1774 759 1847 jubar
776 1773 926 1835 nitidum.

213 1862 384 1918 Memnonis
403 1862 522 1918 interea
540 1871 679 1920 rorantes
699 1865 783 1918 lutea
801 1864 891 1936 bigas

249 1953 424 2006 Sustulerat
440 1952 512 2007 latis
532 1960 629 2007 mater
647 1955 684 2008 ab
703 1952 898 2024 aequoribus

213 2042 254 2096 Et
272 2041 353 2096 viola
372 2040 471 2096 crines
489 2041 630 2112 implexa,
650 2040 829 2097 rubentibus
849 2044 911 2101 alis

249 2132 321 2186 dam
341 2132 461 2185 coelum
481 2133 542 2186 late
565 2132 704 2187 cinxerat
723 2139 755 2187 et
773 2132 881 2190 maria.

215 2222 372 2276 Flammea
391 2221 521 2276 Sidoniis
540 2222 700 2278 inflectens
721 2222 825 2277 esseda
844 2224 924 2280 loris

249 2311 305 2364 Per
325 2311 443 2365 coelum
463 2312 599 2382 gaudens
619 2312 683 2366 ibet
702 2330 805 2367 amans
826 2311 971 2387 Cephali,

215 2399 361 2454 Nascenti
381 2399 492 2454 densae
513 2400 660 2454 cedebant
679 2401 748 2455 luce
768 2401 928 2475 tenebrae,

249 2488 398 2558 Surgebat
416 2489 557 2544 tremulis
576 2488 665 2560 ignea
684 2491 799 2560 lampas
818 2491 920 2560 aquis,

215 2578 363 2649 Coeperat
382 2580 437 2632 Eoi
457 2579 636 2634 candescere
655 2580 751 2634 limen
770 2579 903 2650 Olympi,

249 2668 290 2721 Et
308 2666 404 2722 facies
422 2667 501 2723 fulvi
519 2669 602 2723 laete
620 2670 729 2724 rubere
750 2666 849 2722 maris.

213 2756 320 2812 Cincta
339 2757 424 2823 rosis,
444 2776 590 2830 roseoque
609 2760 687 2826 sinu,
707 2758 862 2828 roseisque
882 2765 1017 2834 papillis

249 2849 351 2918 Atque
370 2847 467 2900 oculis
486 2847 580 2902 roseis
599 2847 689 2913 laeta,
709 2846 784 2901 mari
804 2864 820 2901 e
839 2864 933 2906 roseo

214 2939 335 2991 Aurora
354 2935 494 2991 exoriens
514 2939 598 2992 Auro
617 2937 763 2991 rutilante
778 2935 899 3007 jugales

248 3025 382 3097 Cogebat
400 3042 487 3080 rosea
505 3027 560 3080 sub
576 3026 650 3097 juga
668 3027 765 3096 panda
785 3043 887 3082 manu.

216 3115 297 3170 Exin
316 3117 446 3169 Sarrano
465 3115 598 3170 vestitur
616 3115 732 3170 murice
753 3116 880 3171 coelum.

250 3197 291 3258 Et
312 3221 436 3258 croceus
456 3205 549 3259 rutilo
570 3204 685 3275 spargit
704 3206 740 3260 ab
761 3205 830 3258 orbe
851 3205 957 3266 faces:

214 3293 350 3348 Humida
369 3295 518 3349 sublustri
533 3296 596 3367 jam
615 3314 676 3349 nox
695 3297 867 3351 decesserat
886 3304 1004 3361 umbra

249 3383 289 3434 Et
307 3381 399 3435 dabat
417 3382 555 3437 exoriens
574 3383 660 3454 signa
678 3383 785 3437 futura
803 3382 889 3457 dies;

213 3472 294 3524 Ecce
314 3469 648 3543 repentinis,·fugiente
670 3472 848 3542 crepuscula
868 3485 965 3535 nocte

248 3563 289 3615 Et
308 3561 442 3615 nondum
463 3563 593 3634 comptis
614 3564 748 3620 exiluere
769 3562 871 3619 comis
