2498 4012
195 235 248 296 lto

315 343 450 417 Tumque
468 340 552 400 mitis
570 355 605 399 et
621 341 759 415 placidus
776 341 872 400 sacris

351 436 476 499 Adesto,
495 435 617 506 qualem
635 442 668 490 te
686 442 862 501 memorant,
878 435 959 508 jugo

348 523 468 580 Bactris
484 524 621 579 subactis
639 524 672 579 in
689 524 787 579 medio
805 527 903 580 Derim

347 616 515 672 Convivam
532 616 612 671 Jove
632 632 703 672 cum
720 622 807 686 patre

312 720 442 786 smisso,
461 718 578 774 circum
595 718 662 774 Diis
680 720 895 775 resonantibus

345 810 443 864 svoo:
461 808 604 879 pharetra
622 827 693 864 cum
710 809 811 880 posita
828 816 898 864 tuas

345 898 464 954 Laudes
481 899 596 953 eburna
612 898 832 970 grandiloquus
850 899 918 971 lyra

345 997 464 1050 Latona
482 995 596 1050 cecinit
614 1003 707 1052 satus

309 1097 442 1167 Ereptus
460 1094 530 1166 igne
548 1100 585 1150 ut
602 1095 750 1151 fulminco
768 1097 856 1152 Jovis

343 1183 396 1240 Bis
413 1190 505 1239 natus
522 1182 623 1239 infans
641 1183 762 1240 duceris
780 1184 819 1240 ad
836 1188 924 1251 Deos,

341 1274 383 1328 At
401 1273 458 1330 tibi
476 1273 595 1345 magnis
612 1274 769 1346 plausibus
790 1275 926 1330 omnium
944 1275 995 1330 ad-

340 1363 421 1420 -risit
439 1363 621 1419 caelicolum
639 1364 754 1420 cohors.

306 1465 442 1537 Namque
462 1483 512 1521 ore
531 1467 658 1537 pulchro
677 1467 749 1522 talis
767 1481 835 1522 erat
852 1467 943 1533 color,

340 1556 476 1624 Nitente,
495 1555 596 1627 qualis
614 1555 726 1612 emicet
743 1556 776 1610 in
794 1573 872 1612 rosa.

342 1647 383 1701 Et
400 1645 594 1717 prominebat
612 1644 823 1702 exsilientibus

337 1737 461 1791 Sacrum
480 1736 644 1791 corniculis
663 1743 762 1809 eaput

302 1837 457 1910 Tyrrenus
474 1843 511 1891 ut
529 1842 559 1892 te
580 1837 692 1893 Navita
709 1837 874 1908 deprecans

336 1926 409 1981 Sero
426 1925 539 1980 furoris
557 1925 691 1981 numinis
709 1933 742 1981 et
760 1927 808 1982 tui

337 2016 490 2086 Expertus
509 2014 570 2068 iras
588 2032 783 2086 squammeus
800 2015 833 2070 in
851 2032 933 2070 mare

336 2104 434 2160 Piscis
453 2103 568 2160 desiliit
584 2110 660 2159 rate.

301 2202 348 2258 ‘l‘u
365 2201 561 2274 pertinacem,
580 2202 725 2271 Pentheo,
745 2204 894 2275 concitas„

336 2293 465 2347 Matrem
484 2294 646 2347 furentem
684 2292 752 2359 Quo
770 2292 852 2364 fugis
870 2293 909 2347 ah
927 2293 1041 2349 miser?

335 2382 376 2436 re
396 2382 497 2437 Mater
515 2400 632 2453 aprum,
652 2388 682 2438 te
703 2385 845 2438 Autonoe
864 2390 974 2454 putans

333 2471 428 2527 Saeva
446 2471 574 2526 dilaniat
592 2489 692 2527 manu.

296 2571 397 2628 Sensit
414 2574 574 2645 Lycurgus
593 2572 707 2630 vitibus
726 2575 849 2647 impiam

333 2663 432 2722 Ausus
451 2661 613 2732 bipennem
630 2661 805 2736 immittere,
824 2663 923 2720 sensit
940 2671 973 2720 et

330 2750 444 2807 Cohors
463 2750 628 2823 Gigantum
647 2753 771 2808 trudere
789 2751 853 2823 jem
871 2763 938 2808 reta

330 2839 403 2894 Alto
422 2839 592 2896 caelicolas
610 2840 689 2910 polo.

293 2938 340 2992 'Pu
358 2938 462 3010 Gange
483 2937 565 2993 victo
585 2938 673 2994 miles
692 2939 729 2994 ab
748 2940 867 2995 ultimis

327 3025 412 3081 Indis
431 3025 600 3097 triumphos
619 3026 766 3082 victorio
785 3027 888 3095 refers,

327 3116 369 3170 Et
386 3115 529 3170 redeunti
547 3117 622 3171 Susa
642 3121 673 3170 et
691 3116 898 3174 Achaemenes

327 3206 404 3261 Aras
423 3206 586 3261 coustituit
603 3206 669 3261 tibi.

291 3300 440 3357 Fremunt
459 3304 490 3357 in
508 3303 580 3359 altis
599 3305 683 3377 orgia
701 3305 856 3360 montibus

327 3392 427 3445 Evdet
447 3391 566 3447 solutae
586 3411 641 3464 per
656 3393 733 3465 juga
752 3395 890 3466 Thyades

324 3478 430 3535 Orines
448 3480 480 3535 in
499 3499 597 3551 auras,
616 3484 784 3540 raucisonis
803 3485 923 3556 replent

324 3566 432 3626 Altum
451 3569 592 3628 cornibus
610 3574 742 3632 aethera.
