2498 4012
186 386 359 442 Ostendant
377 386 490 457 primae
509 386 650 442 insolitos
668 386 779 442 aetatis
796 387 933 455 honorae,

185 474 246 529 Olli
264 475 437 545 parturiant
457 476 511 546 qui
529 483 654 531 aeterna
673 476 763 530 laude
783 476 962 546 triumphos,

184 562 263 631 Ergo
282 558 464 618 Parthorum
482 562 609 618 exuvias
630 569 662 617 et
679 568 766 633 parta
784 563 931 634 trophaea

184 650 312 705 Cernere
331 650 389 706 erit
408 651 591 707 referentem
611 651 699 706 illum
719 657 750 706 et
768 651 907 707 victricia
924 652 1010 724 signa

184 740 352 794 Ponentem
368 739 498 812 Solymis
515 739 600 795 felici
618 738 715 795 sidero
735 739 839 796 terris:

186 831 402 902 Insignemque
422 830 553 886 Rhodon
571 829 718 885 Romanis
737 830 859 886 arcibus
878 831 976 896 addet,

186 921 410 993 Imperiumque
429 921 512 975 ultra
531 917 654 990 Tigrim,
676 917 862 991 Tanaimque
882 919 1003 974 locabit.

183 1005 232 1060 Sic
251 1005 325 1074 erit;
344 1006 402 1060 hoc
424 1011 507 1060 certo
528 1003 682 1075 praedixit
702 1001 835 1057 carmine
856 1003 998 1058 Phoebus

183 1095 311 1151 Conscia
330 1101 361 1150 et
381 1093 448 1166 ipsa
467 1111 522 1150 suo
543 1092 645 1148 arrisit
666 1094 773 1149 Venus
792 1094 873 1147 alma
891 1092 1003 1163 nepoti.

132 1269 249 1313 S‘allude
260 1269 287 1312 in
298 1271 385 1324 questi
394 1270 485 1314 ultimi
497 1269 568 1314 versi
578 1270 635 1313 alla
643 1267 759 1322 proseria
773 1271 871 1312 venula
885 1268 929 1312 nel
944 1268 998 1312 1530
1012 1269 1081 1312 d’In·

90 1336 224 1390 ghilterra
241 1350 256 1380 a
270 1337 390 1387 VenezIa.
405 1338 433 1381 la
447 1339 526 1392 quale
541 1336 634 1380 dicova
647 1335 696 1379 cha
712 1335 790 1380 Garlo
803 1335 916 1379 avrebbe
931 1335 1079 1389 aoggiogato

88 1406 164 1445 tutta
183 1403 308 1455 l’Eurcpa
323 1417 337 1446 e
348 1404 522 1448 l’Oocidenta.

85 1467 140 1512 Ofr.
158 1466 341 1513 Garaoaovrus.
358 1469 442 1514 Storr'c
457 1470 523 1513 della
538 1469 603 1514 cetra
617 1472 644 1513 αἱ
658 1471 752 1522 Roma3
773 1469 827 1513 vol.
841 1479 892 1520 vm,
907 1482 931 1522 p.
945 1470 991 1522 298,
1007 1472 1078 1515 nota.

550 1741 611 1792 ΙΙΙ.

246 1890 311 1954 AD
334 1890 613 1957 ILLUSTREM
637 1891 923 1959 VERONIOAM

372 1992 588 2034 cosmarus
613 1995 796 2036 DOMINAM

425 2104 617 2156 (Nummorum,
634 2104 690 2149 Lib.
703 2105 731 2158 ι.)

216 2265 240 2320 Ο
258 2264 336 2330 diva,
356 2265 483 2320 blandae
502 2282 578 2337 quae
600 2265 735 2321 citharae
754 2271 841 2336 potes

250 2356 385 2410 Mulcare
400 2355 517 2425 junctis
538 2355 722 2411 carminibus
741 2356 831 2422 ferae,

252 2445 308 2502 Oui
328 2450 450 2500 tantum
468 2444 642 2501 inaccessos
661 2462 800 2500 recessus

253 2533 410 2589 Pieridum
429 2540 590 2604 penetrare
609 2534 656 2589 fas
676 2538 740 2604 est;

216 2624 284 2679 Non
302 2631 334 2679 te
355 2624 501 2679 tacebunt
520 2623 624 2679 invida
642 2623 766 2679 saecula

251 2715 370 2786 Vivam,
390 2732 447 2769 nec
467 2715 541 2770 atris
560 2731 621 2770 nox
640 2714 776 2770 tenebris
794 2721 914 2785 premet

252 2805 327 2859 Post
346 2803 424 2858 fata:
444 2809 477 2858 at
495 2808 655 2859 aeternum
674 2803 790 2859 virenti

250 2895 371 2950 Fronde
391 2911 509 2949 comam
527 2893 656 2965 religata
674 2893 769 2950 vives.

217 2982 322 3052 Vives3
342 2999 453 3038 sonora
470 2981 551 3037 fama
570 2988 660 3038 canet
679 2984 754 3037 tuba

251 3074 346 3126 Dotes
365 3069 487 3126 honesti
505 3070 638 3141 pectoris
658 3077 690 3125 et
709 3072 790 3125 bona

252 3159 346 3226 Queis
365 3166 429 3214 tam
448 3159 529 3215 nites
546 3160 710 3231 praeclara,
729 3176 820 3230 quam
839 3158 911 3212 orbe

251 3248 301 3303 Sol
321 3248 438 3303 nitidus
456 3249 521 3304 sine
541 3250 620 3304 nubo
640 3267 744 3319 opaca.

218 3338 366 3408 Vulgabit
384 3344 421 3393 ut
439 3345 474 3393 tu
494 3339 610 3394 caelibe
629 3340 758 3394 secubes

251 3426 404 3481 Contenta
423 3427 517 3482 lecto:
538 3433 573 3482 ut
591 3427 732 3482 Pallados
752 3427 870 3483 artibus

250 3517 385 3572 Exculta
403 3517 504 3584 sacris,
523 3517 566 3572 nil
585 3517 646 3572 nisi
664 3517 762 3571 altum

252 3605 304 3660 Nil
323 3604 382 3661 nisi
401 3611 432 3662 te
452 3606 600 3662 meditere
620 3605 752 3677 dignum.
