2498 4012
139 382 212 454 Ipsa
231 379 288 436 tibi
309 379 409 436 dicat:
429 396 497 434 moe
514 379 577 445 lux,
591 397 659 435 mea
677 378 751 447 vita,
770 398 856 436 meus
869 378 932 451 flos,

174 470 383 541 Liliolumque
404 486 514 534 meum,
534 468 748 541 basiolumque
768 487 884 539 meum,

140 559 266 616 Charior
286 567 318 615 et
335 558 471 631 gemmis,
493 564 524 613 et
544 557 634 612 charo
655 557 776 614 charius
795 576 880 629 auro,

176 650 223 705 Tu
242 667 317 716 rosa,
337 656 373 705 tu
391 649 502 717 violae,
523 654 558 702 tu
577 646 652 701 mihi
670 648 767 704 laevis
786 649 872 718 onix;

140 739 277 799 Deliciae
299 741 460 813 cultusque
481 757 576 807 moue,
597 757 664 794 mea
682 739 794 812 gaudia
812 740 905 806 solus,

140 870 150 899 ‚-
176 831 294 903 Corque
314 847 416 886 meum
435 836 468 885 et
485 848 557 902 pree
578 837 608 885 te
629 829 674 884 nil
693 829 780 885 iuvat
800 846 865 885 esse
884 845 1011 883 meeum.

141 923 182 976 Et
201 920 371 993 quingenta
389 919 481 975 simul
501 921 602 992 capiat
621 925 695 974 tum'
706 919 790 974 basia
803 917 923 990 raptim,

177 1013 218 1066 Et
237 1009 303 1065 sine
322 1016 424 1066 mente
444 1011 548 1066 oculos
568 1011 680 1067 volvat
696 1015 827 1082 agatque
840 1023 922 1064 suos.

146 1100 192 1156 Ac
209 1098 347 1170 linguam
366 1102 495 1172 querulo
515 1118 585 1156 oum
602 1100 720 1156 suxerit
739 1119 790 1156 ore
810 1103 1001 1163 trementem,

177 1188 334 1244 Exanimis
354 1188 433 1245 collo
451 1189 583 1261 pendeat
600 1188 666 1261 ipsa
685 1195 750 1244 tuo.

141 1279 228 1335 'lime
247 1278 343 1335 dices:
362 1297 447 1334 amor
465 1285 513 1335 est
530 1298 622 1335 succo
641 1279 801 1334 iucundior
820 1278 911 1345 omni,

178 1369 306 1426 Dulcior
324 1375 356 1425 et
375 1369 467 1424 molle
488 1377 545 1436 est,
565 1370 690 1425 suavior
708 1369 867 1425 Ambrosia
886 1374 943 1436 est,

145 1461 210 1515 Neo
229 1460 286 1516 tibi
304 1459 487 1532 quingentas
505 1459 600 1516 fuerit
619 1467 667 1517 sat
685 1477 801 1517 amasse
820 1461 947 1531 puellas,

176 1547 228 1605 Nil
246 1567 391 1605 numerus
411 1554 494 1604 certe
512 1548 557 1604 nil
575 1549 608 1605 in
626 1535 726 1605 amore
747 1548 841 1605 valet.

598 1783 635 1836 V.

140 1931 353 1999 FRIGORE
376 1919 645 1998 INVITATUR
667 1929 734 1994 AD
758 1924 1083 1994 VOLUPTATEM

486 2073 628 2128 (Amorum,
645 2072 701 2116 Lib.
717 2069 754 2121 ιι.)

140 2237 258 2291 Bruma
275 2231 363 2304 riget,
383 2232 528 2304 eaurique
545 2232 691 2302 fremunt,
711 2241 774 2291 stat
792 2235 914 2291 densior
932 2249 990 2299 aer,

179 2323 324 2396 Juppiter
344 2328 375 2376 et
393 2322 508 2393 gelidas
526 2320 626 2378 fundit
644 2325 681 2380 ab
700 2344 755 2382 axe
777 2326 872 2383 nives

140 2414 258 2480 Pocula
276 2428 366 2478 nuno,
387 2412 534 2483 lususque
554 2413 676 2480 decunt,
695 2415 884 2489 pinguesque
903 2415 1057 2480 lucernae,

177 2503 271 2561 Arida
289 2518 353 2568 vos,
372 2501 469 2573 pueri,
488 2502 608 2559 subdite
629 2505 713 2576 ligna
730 2505 807 2562 foco.

140 2597 217 2666 Igne
235 2592 321 2647 ferox
339 2591 457 2646 lenitur
474 2590 588 2663 hyems,
608 2593 661 2649 ubi
679 2595 784 2651 mollia
804 2595 919 2651 circum

179 2683 298 2753 Lesbia,
317 2687 349 2736 et
367 2698 518 2737 annosum
536 2692 658 2756 spumat
677 2687 709 2742 in
728 2689 799 2752 orbe
819 2705 947 2743 merum.

142 2773 227 2832 Vino
246 2773 404 2847 pelluntur
422 2772 527 2830 tristes
545 2774 583 2830 de
601 2783 725 2847 pectore
746 2796 846 2844 curae,

178 2864 239 2919 Hic
256 2861 358 2935 liquor
377 2861 498 2934 ingrato
519 2865 610 2919 corda
627 2866 730 2920 dolore
750 2868 842 2922 levat.

141 2955 203 3012 Hic
222 2958 305 3011 Deus
323 2952 444 3009 afflictis
463 2955 608 3029 requiem,
628 2972 769 3027 spemque
790 2954 874 3010 addit
893 2952 1004 3023 egenis

179 3045 203 3110 I,
222 3061 304 3115 puer,
325 3050 357 3100 et
384 3045 468 3113 larga
486 3062 591 3115 prome
610 3046 742 3100 Falerna
759 3061 858 3099 manu.

143 3135 194 3190 Me
210 3133 299 3205 juvat
316 3131 398 3187 inter
417 3132 490 3188 vina
511 3134 605 3197 (fovet
623 3152 694 3188 nam
712 3133 850 3187 Bacchus
868 3131 1014 3202 amorem)

179 3223 272 3280 Ebria
292 3223 441 3280 consertis
460 3225 566 3280 oscula
583 3223 664 3278 ferre
683 3222 783 3289 labriS,

142 3315 236 3371 Molle
255 3315 356 3371 femur
374 3321 521 3371 tractasse
543 3332 642 3382 manu,
662 3319 810 3368 tractasse
829 3310 966 3385 papillas,

180 3405 351 3475 Dulciaque
372 3404 405 3460 in
423 3411 527 3460 tenero
547 3405 628 3460 bella
646 3420 771 3458 movere
790 3401 870 3458 sinu.

144 3497 224 3554 Tum
243 3494 319 3550 mihi
337 3494 457 3550 sitnon
477 3514 539 3550 una
559 3494 647 3562 satis,
667 3499 734 3547 tum
752 3489 778 3545 si
797 3489 853 3546 tibi
868 3490 982 3561 jungar

184 3585 311 3654 Fannia,
331 3603 406 3658 quas
425 3583 568 3651 dederim,
590 3602 665 3656 quas
684 3581 870 3653 tulerimque
889 3577 992 3637 vices!

138 3796 212 3844 ,2-
223 3793 309 3837 (leura
324 3790 383 3837 Ant.
398 3791 464 3836 della
478 3793 556 3839 lirica
571 3792 666 3838 latiae.
