2498 4012
239 389 287 456 Tu
305 417 430 472 gravem
449 394 543 471 pigris
561 395 659 457 oeulis
678 413 819 473 soporem

276 490 420 560 Excutis;
441 490 509 555 (leti
527 508 618 562 sopor
637 498 685 546 est
704 491 816 562 imago)

276 582 417 637 Evooans
436 580 526 635 tectis
545 597 601 635 sua
620 598 773 652 quemque
792 581 907 635 laetum
927 580 963 634 ad

666 669 773 725 Munia
791 669 898 725 mittis,

240 758 353 814 Exsilit
371 759 476 815 stratis
494 759 617 830 rapidus
636 758 738 816 viator

275 849 323 902 Ad
338 848 446 919 jugum
464 848 560 904 fortes
580 850 711 904 redeunt
726 849 860 920 juventi,

274 940 389 993 Laetus
408 938 440 992 in
459 938 552 994 silvas
571 945 715 1010 properat
735 937 830 993 citato

666 1027 743 1082 Cum
761 1044 851 1099 grege
871 1034 983 1098 pastor.

239 1117 296 1170 Ast
315 1134 419 1170 amans
439 1132 526 1170 carae
546 1116 715 1170 thalamum
733 1115 855 1188 puellae

275 1204 397 1260 Deserit
414 1204 499 1271 tiene,
519 1211 551 1260 et
570 1204 628 1259 tibi
648 1206 742 1260 verba
760 1205 836 1260 dicit

275 1296 398 1365 Aspera,
418 1295 560 1365 amplexu
578 1300 701 1349 tenerae
722 1294 825 1365 cupito
844 1314 873 1349 a·

664 1384 784 1439 -vulsus
804 1383 930 1439 amicae.

238 1475 306 1545 lpse
327 1480 408 1528 amet
426 1474 526 1529 noetis
544 1474 679 1529 latebras
700 1473 823 1529 dolosae

274 1565 323 1619 Mo
340 1564 430 1634 juvet
449 1582 569 1634 semper
591 1565 671 1618 bona
689 1563 751 1618 lux.
773 1563 931 1618 Nitentem

274 1658 320 1710 Da
339 1653 413 1707 mihi
431 1654 543 1720 luoem,
565 1656 631 1709 Dea
651 1671 767 1723 magna,
788 1654 896 1723 longos

664 1740 795 1796 Cernere
815 1741 847 1795 in
866 1760 972 1797 annos.

571 2128 632 2189 111.

442 2301 517 2367 DE
563 2303 759 2370 DELIA

459 2443 628 2510 (Uerminam,
644 2454 700 2497 Lib.
713 2454 740 2505 r.)

304 2640 328 2695 Ο
347 2639 416 2696 fons
435 2640 553 2697 Melioli
571 2660 666 2711 sacer,

341 2731 478 2802 Lympha
497 2731 652 2803 splendide
670 2731 778 2797 vitrea,

338 2821 375 2875 In
394 2836 455 2892 quo
475 2819 649 2891 virgineum
667 2838 736 2875 mea

340 2909 431 2964 Lavit
450 2908 540 2963 Delia
561 2926 685 2979 corpus;

306 2997 412 3069 Tuque
433 2997 555 3053 lenibus
575 2998 696 3053 enitens

338 3088 437 3142 Arbor
454 3086 563 3142 florida
584 3086 719 3153 ramulis,

340 3177 409 3243 Qua
427 3178 511 3233 latus
530 3179 656 3233 niveum
676 3182 707 3232 et
727 3181 820 3246 eaput

338 3267 438 3324 Fulsit
457 3268 511 3322 illa
530 3268 688 3336 deoorum3

303 3357 343 3410 Et
361 3375 423 3426 vos,
443 3364 531 3428 prata
551 3355 698 3423 recentia,

336 3443 420 3509 Quae
439 3451 556 3501 vestem
575 3442 704 3499 nitidam
723 3448 755 3497 et
773 3442 875 3497 sinum

339 3535 476 3592 Fovistis
496 3542 635 3591 tenerum
654 3533 745 3589 uvida

338 3625 427 3681 Laeti
445 3624 590 3698 graminis
608 3624 719 3691 herba3
