2498 4012
321 393 490 466 Muccoqne
510 409 599 450 nares
618 391 756 450 rancidus

320 488 451 541 Damnat
468 484 597 555 perenni
614 490 647 540 et
665 484 775 556 polypo

322 572 440 644 Affligit
458 589 568 644 usqne:
586 572 725 627 dentium

319 664 366 716 Ex
385 680 435 717 ore
455 662 572 716 vallum
590 660 710 716 decutit

321 751 426 820 Balbo,
446 751 575 806 salivam
594 749 742 823 profluam

320 841 449 896 Derivat
467 840 499 895 in
517 842 642 896 barbam
661 856 735 895 cavo

320 929 536 986 Graveolentis
554 929 673 984 animae
691 929 728 984 de
746 944 853 998 specu.

319 1020 391 1076 Jam
411 1026 558 1074 consueto
578 1036 702 1074 munere

320 1107 421 1163 Effeta
439 1107 538 1163 nostri
557 1106 693 1179 corporis

319 1197 393 1252 Pars
412 1197 499 1252 nulla
517 1197 658 1269 fungitur
676 1195 760 1266 satis,

319 1287 504 1343 Caecutiunt
523 1287 605 1342 enim
627 1287 707 1342 vitro

322 1378 410 1432 Nunc
429 1377 575 1433 destituta
592 1377 719 1432 lumina.

320 1468 388 1522 Vox
408 1484 507 1531 rauca,
527 1485 584 1522 nec
603 1474 712 1538 gustus
730 1467 822 1536 dapes

316 1555 496 1611 selectiores
519 1555 645 1627 appetit.

318 1646 490 1718 Omnesque
512 1645 651 1701 concutit
670 1651 783 1700 tremor

318 1738 422 1801 Artas,
439 1735 570 1806 gravedo
590 1735 711 1807 longius

314 1825 376 1879 Nec
395 1825 489 1881 tussis
509 1826 653 1892 abscedit,
674 1842 773 1881 comes

319 1913 463 1983 Molesta;
482 1914 636 1969 anhelitus
654 1912 796 1987 frequens

316 2003 362 2056 Ab
382 2002 489 2058 intimo
508 2003 636 2059 haustus
655 2010 777 2075 pectore

312 2092 381 2146 Jam
398 2091 463 2161 jam
482 2109 675 2148 recessurum
694 2096 796 2147 monet

312 2181 411 2250 Aegre
431 2185 587 2234 retentum
607 2179 758 2251 spiritum.

312 2267 392 2334 Quid
411 2267 501 2340 ergo?
519 2287 558 2325 an
577 2269 692 2324 idcirco
711 2265 806 2324 trahit

309 2355 463 2426 Originem
482 2356 535 2427 qui
554 2356 693 2417 coelitus,

314 2445 445 2502 Divinus
464 2447 525 2513 ille,
546 2446 598 2501 ille
619 2447 726 2519 igneus

311 2535 405 2605 Vigor
423 2534 558 2604 recessit,
579 2535 695 2591 intimis

312 2625 408 2691 Quem
427 2625 469 2679 mi
488 2625 630 2680 medullis
648 2625 755 2682 inserit

310 2714 457 2771 Caelestis
476 2733 551 2770 aura
569 2715 718 2786 spiritus?

306 2805 375 2858 Non
394 2803 448 2859 illa
466 2822 527 2858 non
546 2803 593 2860 vis
611 2805 743 2876 pectoris

313 2895 493 2963 Languente
514 2895 640 2964 languet
660 2911 792 2966 corpore.

308 2985 350 3037 At
369 2983 567 3038 semimortua
586 2983 677 3056 erigit

307 3073 390 3126 Haec
410 3072 546 3126 membra
564 3090 651 3128 mens
670 3077 744 3128 haec
764 3070 868 3129 vivida

304 3163 352 3215 En
372 3161 563 3230 optimusque
584 3168 615 3216 et
634 3161 783 3216 maximus

304 3250 420 3304 Rector
439 3250 587 3304 rotundae
609 3250 765 3305 machinae

304 3341 449 3393 Dextram
468 3338 585 3393 labanti
602 3338 736 3410 porrigit,

306 3429 347 3482 Et
366 3427 539 3483 occidentes
559 3428 693 3499 corporis

304 3517 341 3575 Ia
360 3522 460 3575 moute
480 3516 562 3575 vires
581 3517 717 3589 suscitat,
