2498 4012
234 240 272 299 to

252 350 292 404 Et
310 344 432 403 tandem
449 344 565 417 gelidos
584 345 704 420 operosi
721 344 879 403 marmoris
896 354 985 407 artus

286 434 422 490 Includit
439 434 587 501 tumulus,
607 440 639 491 ct
657 434 749 491 breve
768 452 890 491 cumen
906 435 1017 493 habet:

253 526 268 553 ‘⁴
280 525 348 579 Hoc
362 523 446 595 jacet
463 523 606 579 Albierae
625 522 790 595 pulchrum
806 525 864 582 sub
882 542 1039 583 marmore
1059 546 1187 601 corpus;

285 611 379 667 Nulla
395 610 520 684 quidem
538 617 659 669 tantum
679 628 832 669 marmora
848 612 949 671 laudis
968 613 1103 673 habent.

251 700 388 756 Exornat
406 701 563 755 tumulum
582 718 701 773 corpus,
720 700 775 759 sed
793 700 920 773 spiritus
937 708 1041 761 astra:

286 790 311 845 0
329 796 446 861 quauta
463 789 593 846 accessit
610 789 709 863 gloria
725 790 854 861 lausque
871 791 960 864 polol
971 835 988 865 „

288 968 406 1019 Albiera.
423 968 533 1024 flgliadl
548 970 620 1015 Luca
639 968 710 1024 degli
730 968 840 1021 Albini.
861 982 966 1025 unoque
985 970 1035 1016 nel
1051 974 1108 1018 115¹:
1123 987 1137 1019 e
1153 974 1215 1019 morl

227 1034 271 1077 nel
284 1036 342 1085 ll‘llt
358 1034 489 1081 lldnnnta
503 1048 519 1080 a
528 1034 670 1080 Gimondo
683 1034 851 1081 demetata

687 1371 740 1425 VI·

564 1534 614 1600 IN
639 1532 863 1601 LALAGEN

596 1689 759 1745 (Elatiam
768 1689 836 1743 Lib.)

244 1882 368 1938 Laetior
385 1888 421 1938 ut
441 1899 550 1938 cervus
569 1886 723 1953 protracto
741 1882 865 1939 naribus
883 1885 977 1957 angui

277 1969 372 2026 Exuit
391 1985 505 2024 annoso
524 1987 639 2025 cornua
657 1985 727 2025 cum
744 1969 839 2037 senio,

241 2062 344 2116 Aurea
362 2059 498 2114 callainis
516 2064 552 2114 ut
569 2075 667 2129 nuper
684 2058 805 2132 dempta
822 2059 949 2117 caminis

276 2150 391 2204 Lamna
408 2164 585 2219 repercusso
604 2147 725 2203 dulcius
742 2149 812 2220 igne
830 2148 942 2217 tremit,

240 2237 400 2292 Pulchrior
418 2238 490 2291 Eois
509 2243 545 2292 ut
563 2237 757 2308 Phosphorus
777 2237 887 2295 emicat
904 2240 1005 2309 undis,

275 2327 469 2399 Phosphorus
487 2326 599 2382 Idaliae
620 2327 670 2380 fax
690 2326 830 2383 adamata
845 2326 936 2395 Deae,

239 2416 289 2472 Sic
310 2436 376 2473 mea
394 2415 540 2488 frigidulo
559 2433 657 2488 nuper
674 2417 821 2488 languore
839 2416 941 2474 soluta

273 2511 431 2581 Purpureo
450 2508 561 2577 Lalage
581 2507 720 2578 fulgurat
738 2523 790 2563 ore
808 2506 912 2578 magis.

237 2598 368 2671 Adspice
387 2597 512 2653 sidereis
532 2602 566 2652 ut
585 2596 728 2652 blandum
747 2595 861 2653 arridet
876 2596 994 2667 ocellis,

272 2690 376 2761 thue
397 2688 453 2742 sub
472 2686 521 2742 his
540 2684 691 2758 geminam
709 2685 850 2758 lampada
867 2695 993 2759 quassat
1011 2706 1108 2760 amor3

236 2776 363 2834 Aureoli
380 2781 416 2832 ut
434 2775 545 2830 ludunt
564 2790 618 2846 per
635 2773 736 2829 lactea
756 2774 835 2829 colla
853 2772 964 2849 capilli,

271 2866 408 2933 Quantus
427 2865 459 2919 in
480 2862 625 2936 explicita
643 2863 745 2919 fronte
764 2862 902 2934 superbit
918 2862 1025 2921 honos.

235 2958 334 3024 Quam
353 2974 414 3011 non
434 2952 595 3008 mortalem
616 2970 649 3008 se
671 2951 746 3008 fert!
767 2969 845 3024 quac
857 2952 932 3015 haec
944 2969 999 3008 ora
1010 2951 1188 3027 manusque!

269 3048 293 3103 Ο
312 3044 435 3118 Superi!
455 3060 533 3099 anne
552 3041 634 3098 Iovis
653 3039 772 3113 dignior
789 3041 854 3097 ulla
872 3041 981 3097 thoro?

234 3136 322 3192 Nunc
340 3134 492 3199 lacrimae,
515 3150 597 3187 nunc
616 3131 682 3203 ipsa
695 3131 807 3203 juvant
824 3128 967 3202 suspiria:
986 3132 1042 3188 sed
1061 3139 1097 3189 tu

269 3224 367 3288 Quam
385 3240 470 3292 mage
491 3221 623 3275 formosa
641 3236 682 3290 es,
702 3225 766 3273 tam
784 3237 870 3291 mage
889 3218 974 3275 mitis
991 3220 1074 3276 ades.

234 3312 380 3368 Omnibus
400 3318 471 3366 ante
492 3311 571 3379 aliis,
592 3328 674 3365 nuuc
693 3315 725 3364 te
743 3325 863 3380 quoque
883 3307 1041 3380 pulchrior
1059 3311 1125 3382 ipsa
1142 3326 1170 3363 es

268 3404 374 3471 Deque
394 3400 482 3456 avida
500 3400 628 3455 volucer
646 3397 730 3453 febre
749 3396 918 3468 triumphat
936 3398 1041 3472 Amor,

232 3488 291 3543 Sed
309 3480 360 3553 tu,·'
371 3505 410 3543 ne
429 3487 557 3559 posthac
577 3505 631 3557 per
649 3491 737 3541 tanta
754 3484 892 3556 pericula
909 3483 1041 3541 formam

268 3575 444 3643 Quaesieris
463 3582 573 3631 metam
592 3573 722 3646 contigit
740 3574 794 3628 illa
811 3591 905 3630 suam.
