2498 4012
1003 285 1052 344 131

138 396 184 458 Tu
197 417 317 473 quoque
330 393 410 454 idem
422 393 527 465 velles,
541 405 612 470 pote
625 391 789 469 quiequam
798 391 846 450 his
856 388 937 451 esset
950 393 1055 453 haberi

172 491 286 558 Oarius,
305 496 341 545 ut
359 508 479 562 possem
499 488 598 543 carior
617 505 682 545 esse
702 487 769 543 tibi.

87 644 91 652 ,
137 582 185 647 Di,
206 580 301 635 facite
319 579 395 635 haee
414 579 522 650 longos
544 578 703 634 eoncordia
722 580 812 635 duret
830 578 862 635 in
881 596 985 647 annos,

174 669 307 742 Tamque
327 670 422 725 bonos
441 673 562 724 mutent
581 668 704 724 saecula
722 668 809 725 nulla
827 667 954 725 animos.

549 861 591 902 v1.

207 991 267 1058 Qui
286 990 374 1045 modo
393 989 533 1061 ingentes
553 989 653 1045 animo
672 992 821 1062 parabam,

242 1080 364 1146 Bembe,
384 1079 536 1134 bellorum
554 1078 761 1151 strepitusque
781 1088 812 1137 et
832 1099 915 1137 arma

243 1168 386 1235 Scribere,
406 1168 464 1223 hoo
484 1168 536 1224 vix
557 1168 667 1240 exiguo
686 1170 766 1224 male
786 1170 885 1225 audax

564 1255 704 1312 Carmine
722 1274 821 1328 serpo.

208 1345 323 1416 Nempe
343 1361 426 1399 amor
444 1361 570 1414 magnos
590 1344 745 1402 violentus
764 1363 857 1402 ausus

243 1433 349 1506 Fregit
366 1434 472 1498 iratus,
492 1434 579 1489 velut
597 1433 647 1488 hie
666 1439 826 1490 tonantem

244 1521 339 1594 Cogit,
360 1527 391 1577 et
408 1521 526 1577 fulmen
545 1521 681 1577 trifidum
700 1523 823 1578 rubenti

271 1676 273 1681 Ι
558 1610 676 1666 Ponere
698 1610 814 1666 dextra.
900 1602 903 1610 ’

212 1699 260 1755 Sic
279 1706 339 1765 eat,
357 1716 422 1754 sors
443 1705 474 1754 et
492 1717 547 1755 sua
559 1700 627 1755 laus
645 1707 790 1771 sequetur

246 1789 396 1845 Candidas
415 1789 522 1845 vultus
540 1789 669 1861 Lalages
689 1797 850 1847 canentem
868 1798 900 1846 et

248 1877 358 1934 Purius
377 1877 459 1934 olaro
474 1878 621 1934 radiantis
640 1884 721 1934 astro

565 1967 687 2023 Frontis
708 1968 849 2025 honores

209 2056 289 2110 Nota
308 2056 442 2110 Lesboae
460 2055 528 2127 lyra
545 2056 656 2112 blanda
675 2057 818 2130 Sapphus,

245 2146 342 2201 Notus
362 2145 467 2200 Alcaei
486 2147 588 2217 Lycus
607 2147 711 2202 altiori
760 2142 764 2151 '

246 2233 408 2305 Scripserit
427 2233 566 2306 quamvis
584 2235 753 2291 animosum
771 2238 923 2293 Homerus

567 2325 694 2381 Pectine
712 2327 873 2383 Achillem.

546 2516 602 2559 vn.

209 2642 268 2700 Dia
286 2643 411 2700 Tithoni
429 2643 557 2701 senioris
576 2661 662 2711 uxor,

246 2735 331 2801 Quae
352 2735 433 2790 diem
451 2735 543 2791 vultu
561 2735 698 2790 radiante
718 2735 833 2807 pandis,

248 2823 324 2879 Cum
342 2840 436 2894 genas
456 2822 544 2880 effers
562 2840 665 2879 roseas
684 2824 808 2880 rubenti

563 2911 692 2967 Praevia
711 2911 785 2981 soli;

210 2996 357 3054 Roscidos
376 3004 413 3052 ut
430 3016 514 3053 nune
533 3015 588 3069 per
607 3016 695 3070 agros
714 2997 819 3069 vagari
903 3069 906 3074 ‚

246 3085 307 3140 Sub
326 3090 381 3140 tuo
401 3085 537 3142 adventu
554 3085 652 3158 juvat,
672 3092 703 3141 et
721 3084 854 3141 recentis

246 3173 331 3240 Quae
351 3180 422 3232 tuos
441 3192 560 3246 semper
579 3175 764 3231 comitantur
783 3191 856 3230 axes

566 3264 715 3335 Excipere
733 3282 831 3320 auras.

211 3349 297 3407 Sicca
312 3352 375 3426 jam
393 3371 503 3411 saevus
524 3355 606 3409 ealor
624 3359 693 3410 uret
711 3370 792 3422 arva,

246 3442 267 3497 J
269 3460 317 3496 am
335 3445 406 3517 vagi
423 3463 565 3500 aurarum
583 3443 698 3500 levium
716 3442 860 3502 silescant

247 3528 386 3604 Spiritus,
402 3532 465 3608 jam
484 3533 530 3592 soi
549 3532 672 3603 rapidus
690 3530 830 3589 furentes

565 3624 680 3685 Exorat
697 3621 785 3699 ignea
